%YAML 1.1
%TAG !u! tag:unity3d.com,2011:
--- !u!29 &1
OcclusionCullingSettings:
  m_ObjectHideFlags: 0
  serializedVersion: 2
  m_OcclusionBakeSettings:
    smallestOccluder: 5
    smallestHole: 0.25
    backfaceThreshold: 100
  m_SceneGUID: 00000000000000000000000000000000
  m_OcclusionCullingData: {fileID: 0}
--- !u!104 &2
RenderSettings:
  m_ObjectHideFlags: 0
  serializedVersion: 9
  m_Fog: 0
  m_FogColor: {r: 0.5, g: 0.5, b: 0.5, a: 1}
  m_FogMode: 3
  m_FogDensity: 0.01
  m_LinearFogStart: 0
  m_LinearFogEnd: 300
  m_AmbientSkyColor: {r: 0.212, g: 0.227, b: 0.259, a: 1}
  m_AmbientEquatorColor: {r: 0.114, g: 0.125, b: 0.133, a: 1}
  m_AmbientGroundColor: {r: 0.047, g: 0.043, b: 0.035, a: 1}
  m_AmbientIntensity: 1
  m_AmbientMode: 3
  m_SubtractiveShadowColor: {r: 0.42, g: 0.478, b: 0.627, a: 1}
  m_SkyboxMaterial: {fileID: 0}
  m_HaloStrength: 0.5
  m_FlareStrength: 1
  m_FlareFadeSpeed: 3
  m_HaloTexture: {fileID: 0}
  m_SpotCookie: {fileID: 10001, guid: 0000000000000000e000000000000000, type: 0}
  m_DefaultReflectionMode: 0
  m_DefaultReflectionResolution: 128
  m_ReflectionBounces: 1
  m_ReflectionIntensity: 1
  m_CustomReflection: {fileID: 0}
  m_Sun: {fileID: 0}
  m_IndirectSpecularColor: {r: 0, g: 0, b: 0, a: 1}
  m_UseRadianceAmbientProbe: 0
--- !u!157 &3
LightmapSettings:
  m_ObjectHideFlags: 0
  serializedVersion: 12
  m_GIWorkflowMode: 1
  m_GISettings:
    serializedVersion: 2
    m_BounceScale: 1
    m_IndirectOutputScale: 1
    m_AlbedoBoost: 1
    m_EnvironmentLightingMode: 0
    m_EnableBakedLightmaps: 0
    m_EnableRealtimeLightmaps: 0
  m_LightmapEditorSettings:
    serializedVersion: 12
    m_Resolution: 2
    m_BakeResolution: 40
    m_AtlasSize: 1024
    m_AO: 0
    m_AOMaxDistance: 1
    m_CompAOExponent: 1
    m_CompAOExponentDirect: 0
    m_ExtractAmbientOcclusion: 0
    m_Padding: 2
    m_LightmapParameters: {fileID: 0}
    m_LightmapsBakeMode: 1
    m_TextureCompression: 1
    m_FinalGather: 0
    m_FinalGatherFiltering: 1
    m_FinalGatherRayCount: 256
    m_ReflectionCompression: 2
    m_MixedBakeMode: 2
    m_BakeBackend: 1
    m_PVRSampling: 1
    m_PVRDirectSampleCount: 32
    m_PVRSampleCount: 512
    m_PVRBounces: 2
    m_PVREnvironmentSampleCount: 256
    m_PVREnvironmentReferencePointCount: 2048
    m_PVRFilteringMode: 1
    m_PVRDenoiserTypeDirect: 1
    m_PVRDenoiserTypeIndirect: 1
    m_PVRDenoiserTypeAO: 1
    m_PVRFilterTypeDirect: 0
    m_PVRFilterTypeIndirect: 0
    m_PVRFilterTypeAO: 0
    m_PVREnvironmentMIS: 1
    m_PVRCulling: 1
    m_PVRFilteringGaussRadiusDirect: 1
    m_PVRFilteringGaussRadiusIndirect: 5
    m_PVRFilteringGaussRadiusAO: 2
    m_PVRFilteringAtrousPositionSigmaDirect: 0.5
    m_PVRFilteringAtrousPositionSigmaIndirect: 2
    m_PVRFilteringAtrousPositionSigmaAO: 1
    m_ExportTrainingData: 0
    m_TrainingDataDestination: TrainingData
    m_LightProbeSampleCountMultiplier: 4
  m_LightingDataAsset: {fileID: 0}
  m_LightingSettings: {fileID: 0}
--- !u!196 &4
NavMeshSettings:
  serializedVersion: 2
  m_ObjectHideFlags: 0
  m_BuildSettings:
    serializedVersion: 2
    agentTypeID: 0
    agentRadius: 0.5
    agentHeight: 2
    agentSlope: 45
    agentClimb: 0.4
    ledgeDropHeight: 0
    maxJumpAcrossDistance: 0
    minRegionArea: 2
    manualCellSize: 0
    cellSize: 0.16666667
    manualTileSize: 0
    tileSize: 256
    accuratePlacement: 0
    maxJobWorkers: 0
    preserveTilesOutsideBounds: 0
    debug:
      m_Flags: 0
  m_NavMeshData: {fileID: 0}
--- !u!1001 &45669402
PrefabInstance:
  m_ObjectHideFlags: 0
  serializedVersion: 2
  m_Modification:
    m_TransformParent: {fileID: 0}
    m_Modifications:
    - target: {fileID: 990828545072398316, guid: 7b98462166370c14f9d8254d609192bf, type: 3}
      propertyPath: m_Name
      value: SceneManager
      objectReference: {fileID: 0}
    - target: {fileID: 990828545072398317, guid: 7b98462166370c14f9d8254d609192bf, type: 3}
      propertyPath: m_RootOrder
      value: 2
      objectReference: {fileID: 0}
    - target: {fileID: 990828545072398317, guid: 7b98462166370c14f9d8254d609192bf, type: 3}
      propertyPath: m_LocalPosition.x
      value: 0.2540211
      objectReference: {fileID: 0}
    - target: {fileID: 990828545072398317, guid: 7b98462166370c14f9d8254d609192bf, type: 3}
      propertyPath: m_LocalPosition.y
      value: -0.09848432
      objectReference: {fileID: 0}
    - target: {fileID: 990828545072398317, guid: 7b98462166370c14f9d8254d609192bf, type: 3}
      propertyPath: m_LocalPosition.z
      value: -107.12387
      objectReference: {fileID: 0}
    - target: {fileID: 990828545072398317, guid: 7b98462166370c14f9d8254d609192bf, type: 3}
      propertyPath: m_LocalRotation.w
      value: 1
      objectReference: {fileID: 0}
    - target: {fileID: 990828545072398317, guid: 7b98462166370c14f9d8254d609192bf, type: 3}
      propertyPath: m_LocalRotation.x
      value: 0
      objectReference: {fileID: 0}
    - target: {fileID: 990828545072398317, guid: 7b98462166370c14f9d8254d609192bf, type: 3}
      propertyPath: m_LocalRotation.y
      value: 0
      objectReference: {fileID: 0}
    - target: {fileID: 990828545072398317, guid: 7b98462166370c14f9d8254d609192bf, type: 3}
      propertyPath: m_LocalRotation.z
      value: 0
      objectReference: {fileID: 0}
    - target: {fileID: 990828545072398317, guid: 7b98462166370c14f9d8254d609192bf, type: 3}
      propertyPath: m_LocalEulerAnglesHint.x
      value: 0
      objectReference: {fileID: 0}
    - target: {fileID: 990828545072398317, guid: 7b98462166370c14f9d8254d609192bf, type: 3}
      propertyPath: m_LocalEulerAnglesHint.y
      value: 0
      objectReference: {fileID: 0}
    - target: {fileID: 990828545072398317, guid: 7b98462166370c14f9d8254d609192bf, type: 3}
      propertyPath: m_LocalEulerAnglesHint.z
      value: 0
      objectReference: {fileID: 0}
    - target: {fileID: 990828545072398318, guid: 7b98462166370c14f9d8254d609192bf, type: 3}
      propertyPath: nivelCanvas
      value: 
      objectReference: {fileID: 1928758059}
    - target: {fileID: 990828545072398318, guid: 7b98462166370c14f9d8254d609192bf, type: 3}
      propertyPath: pausaCanvas
      value: 
      objectReference: {fileID: 607224295}
    - target: {fileID: 990828545072398318, guid: 7b98462166370c14f9d8254d609192bf, type: 3}
      propertyPath: presupuesto
      value: 10
      objectReference: {fileID: 0}
    - target: {fileID: 990828545072398318, guid: 7b98462166370c14f9d8254d609192bf, type: 3}
      propertyPath: textoCostoActual
      value: 
      objectReference: {fileID: 1928758060}
    - target: {fileID: 990828545072398318, guid: 7b98462166370c14f9d8254d609192bf, type: 3}
      propertyPath: textoNivelActual
      value: 
      objectReference: {fileID: 1928758062}
    - target: {fileID: 990828545072398318, guid: 7b98462166370c14f9d8254d609192bf, type: 3}
      propertyPath: nivelCompletadoCanvas
      value: 
      objectReference: {fileID: 1668307188}
    - target: {fileID: 990828545072398318, guid: 7b98462166370c14f9d8254d609192bf, type: 3}
      propertyPath: textopuntosExtraEnergizados
      value: 
      objectReference: {fileID: 1928758061}
    m_RemovedComponents: []
  m_SourcePrefab: {fileID: 100100000, guid: 7b98462166370c14f9d8254d609192bf, type: 3}
--- !u!1001 &47575497
PrefabInstance:
  m_ObjectHideFlags: 0
  serializedVersion: 2
  m_Modification:
    m_TransformParent: {fileID: 1762658987}
    m_Modifications:
    - target: {fileID: 4134676791600900312, guid: ae5ed45771e98744fbdd9c5454bcee3c, type: 3}
      propertyPath: m_Name
      value: Ciudad
      objectReference: {fileID: 0}
    - target: {fileID: 5603584633169688844, guid: ae5ed45771e98744fbdd9c5454bcee3c, type: 3}
      propertyPath: "energ\xEDaRequerida"
      value: 6
      objectReference: {fileID: 0}
    - target: {fileID: 6711106402049207083, guid: ae5ed45771e98744fbdd9c5454bcee3c, type: 3}
      propertyPath: m_RootOrder
      value: 1
      objectReference: {fileID: 0}
    - target: {fileID: 6711106402049207083, guid: ae5ed45771e98744fbdd9c5454bcee3c, type: 3}
      propertyPath: m_LocalPosition.x
      value: 1.5
      objectReference: {fileID: 0}
    - target: {fileID: 6711106402049207083, guid: ae5ed45771e98744fbdd9c5454bcee3c, type: 3}
      propertyPath: m_LocalPosition.y
      value: 1.7319531
      objectReference: {fileID: 0}
    - target: {fileID: 6711106402049207083, guid: ae5ed45771e98744fbdd9c5454bcee3c, type: 3}
      propertyPath: m_LocalPosition.z
      value: 0
      objectReference: {fileID: 0}
    - target: {fileID: 6711106402049207083, guid: ae5ed45771e98744fbdd9c5454bcee3c, type: 3}
      propertyPath: m_LocalRotation.w
      value: 1
      objectReference: {fileID: 0}
    - target: {fileID: 6711106402049207083, guid: ae5ed45771e98744fbdd9c5454bcee3c, type: 3}
      propertyPath: m_LocalRotation.x
      value: 0
      objectReference: {fileID: 0}
    - target: {fileID: 6711106402049207083, guid: ae5ed45771e98744fbdd9c5454bcee3c, type: 3}
      propertyPath: m_LocalRotation.y
      value: 0
      objectReference: {fileID: 0}
    - target: {fileID: 6711106402049207083, guid: ae5ed45771e98744fbdd9c5454bcee3c, type: 3}
      propertyPath: m_LocalRotation.z
      value: 0
      objectReference: {fileID: 0}
    - target: {fileID: 6711106402049207083, guid: ae5ed45771e98744fbdd9c5454bcee3c, type: 3}
      propertyPath: m_LocalEulerAnglesHint.x
      value: 0
      objectReference: {fileID: 0}
    - target: {fileID: 6711106402049207083, guid: ae5ed45771e98744fbdd9c5454bcee3c, type: 3}
      propertyPath: m_LocalEulerAnglesHint.y
      value: 0
      objectReference: {fileID: 0}
    - target: {fileID: 6711106402049207083, guid: ae5ed45771e98744fbdd9c5454bcee3c, type: 3}
      propertyPath: m_LocalEulerAnglesHint.z
      value: 0
      objectReference: {fileID: 0}
    m_RemovedComponents: []
  m_SourcePrefab: {fileID: 100100000, guid: ae5ed45771e98744fbdd9c5454bcee3c, type: 3}
--- !u!1001 &284103848
PrefabInstance:
  m_ObjectHideFlags: 0
  serializedVersion: 2
  m_Modification:
    m_TransformParent: {fileID: 0}
    m_Modifications:
    - target: {fileID: 1194910961304502395, guid: 73399d631d55bff4a9a30059747c2f0d, type: 3}
      propertyPath: m_AnchoredPosition.y
      value: 2.623932
      objectReference: {fileID: 0}
    - target: {fileID: 1194910962283091510, guid: 73399d631d55bff4a9a30059747c2f0d, type: 3}
      propertyPath: m_Pivot.x
      value: 0
      objectReference: {fileID: 0}
    - target: {fileID: 1194910962283091510, guid: 73399d631d55bff4a9a30059747c2f0d, type: 3}
      propertyPath: m_Pivot.y
      value: 0
      objectReference: {fileID: 0}
    - target: {fileID: 1194910962283091510, guid: 73399d631d55bff4a9a30059747c2f0d, type: 3}
      propertyPath: m_RootOrder
      value: 1
      objectReference: {fileID: 0}
    - target: {fileID: 1194910962283091510, guid: 73399d631d55bff4a9a30059747c2f0d, type: 3}
      propertyPath: m_AnchorMax.x
      value: 0
      objectReference: {fileID: 0}
    - target: {fileID: 1194910962283091510, guid: 73399d631d55bff4a9a30059747c2f0d, type: 3}
      propertyPath: m_AnchorMax.y
      value: 0
      objectReference: {fileID: 0}
    - target: {fileID: 1194910962283091510, guid: 73399d631d55bff4a9a30059747c2f0d, type: 3}
      propertyPath: m_AnchorMin.x
      value: 0
      objectReference: {fileID: 0}
    - target: {fileID: 1194910962283091510, guid: 73399d631d55bff4a9a30059747c2f0d, type: 3}
      propertyPath: m_AnchorMin.y
      value: 0
      objectReference: {fileID: 0}
    - target: {fileID: 1194910962283091510, guid: 73399d631d55bff4a9a30059747c2f0d, type: 3}
      propertyPath: m_SizeDelta.x
      value: 0
      objectReference: {fileID: 0}
    - target: {fileID: 1194910962283091510, guid: 73399d631d55bff4a9a30059747c2f0d, type: 3}
      propertyPath: m_SizeDelta.y
      value: 0
      objectReference: {fileID: 0}
    - target: {fileID: 1194910962283091510, guid: 73399d631d55bff4a9a30059747c2f0d, type: 3}
      propertyPath: m_LocalPosition.x
      value: 0
      objectReference: {fileID: 0}
    - target: {fileID: 1194910962283091510, guid: 73399d631d55bff4a9a30059747c2f0d, type: 3}
      propertyPath: m_LocalPosition.y
      value: 0
      objectReference: {fileID: 0}
    - target: {fileID: 1194910962283091510, guid: 73399d631d55bff4a9a30059747c2f0d, type: 3}
      propertyPath: m_LocalPosition.z
      value: 0
      objectReference: {fileID: 0}
    - target: {fileID: 1194910962283091510, guid: 73399d631d55bff4a9a30059747c2f0d, type: 3}
      propertyPath: m_LocalRotation.w
      value: 1
      objectReference: {fileID: 0}
    - target: {fileID: 1194910962283091510, guid: 73399d631d55bff4a9a30059747c2f0d, type: 3}
      propertyPath: m_LocalRotation.x
      value: 0
      objectReference: {fileID: 0}
    - target: {fileID: 1194910962283091510, guid: 73399d631d55bff4a9a30059747c2f0d, type: 3}
      propertyPath: m_LocalRotation.y
      value: 0
      objectReference: {fileID: 0}
    - target: {fileID: 1194910962283091510, guid: 73399d631d55bff4a9a30059747c2f0d, type: 3}
      propertyPath: m_LocalRotation.z
      value: 0
      objectReference: {fileID: 0}
    - target: {fileID: 1194910962283091510, guid: 73399d631d55bff4a9a30059747c2f0d, type: 3}
      propertyPath: m_AnchoredPosition.x
      value: 0
      objectReference: {fileID: 0}
    - target: {fileID: 1194910962283091510, guid: 73399d631d55bff4a9a30059747c2f0d, type: 3}
      propertyPath: m_AnchoredPosition.y
      value: 0
      objectReference: {fileID: 0}
    - target: {fileID: 1194910962283091510, guid: 73399d631d55bff4a9a30059747c2f0d, type: 3}
      propertyPath: m_LocalEulerAnglesHint.x
      value: 0
      objectReference: {fileID: 0}
    - target: {fileID: 1194910962283091510, guid: 73399d631d55bff4a9a30059747c2f0d, type: 3}
      propertyPath: m_LocalEulerAnglesHint.y
      value: 0
      objectReference: {fileID: 0}
    - target: {fileID: 1194910962283091510, guid: 73399d631d55bff4a9a30059747c2f0d, type: 3}
      propertyPath: m_LocalEulerAnglesHint.z
      value: 0
      objectReference: {fileID: 0}
    - target: {fileID: 1194910962283091514, guid: 73399d631d55bff4a9a30059747c2f0d, type: 3}
      propertyPath: m_Name
      value: NivelCompletadoCanvas
      objectReference: {fileID: 0}
    m_RemovedComponents: []
  m_SourcePrefab: {fileID: 100100000, guid: 73399d631d55bff4a9a30059747c2f0d, type: 3}
--- !u!1001 &379735683
PrefabInstance:
  m_ObjectHideFlags: 0
  serializedVersion: 2
  m_Modification:
    m_TransformParent: {fileID: 1762658987}
    m_Modifications:
    - target: {fileID: 4134676791600900312, guid: ae5ed45771e98744fbdd9c5454bcee3c, type: 3}
      propertyPath: m_Name
      value: Ciudad
      objectReference: {fileID: 0}
    - target: {fileID: 5603584633169688844, guid: ae5ed45771e98744fbdd9c5454bcee3c, type: 3}
      propertyPath: "energ\xEDaRequerida"
      value: 6
      objectReference: {fileID: 0}
    - target: {fileID: 6711106402049207083, guid: ae5ed45771e98744fbdd9c5454bcee3c, type: 3}
      propertyPath: m_RootOrder
      value: 2
      objectReference: {fileID: 0}
    - target: {fileID: 6711106402049207083, guid: ae5ed45771e98744fbdd9c5454bcee3c, type: 3}
      propertyPath: m_LocalPosition.x
      value: 0
      objectReference: {fileID: 0}
    - target: {fileID: 6711106402049207083, guid: ae5ed45771e98744fbdd9c5454bcee3c, type: 3}
      propertyPath: m_LocalPosition.y
      value: -0.8659766
      objectReference: {fileID: 0}
    - target: {fileID: 6711106402049207083, guid: ae5ed45771e98744fbdd9c5454bcee3c, type: 3}
      propertyPath: m_LocalPosition.z
      value: 0
      objectReference: {fileID: 0}
    - target: {fileID: 6711106402049207083, guid: ae5ed45771e98744fbdd9c5454bcee3c, type: 3}
      propertyPath: m_LocalRotation.w
      value: 1
      objectReference: {fileID: 0}
    - target: {fileID: 6711106402049207083, guid: ae5ed45771e98744fbdd9c5454bcee3c, type: 3}
      propertyPath: m_LocalRotation.x
      value: 0
      objectReference: {fileID: 0}
    - target: {fileID: 6711106402049207083, guid: ae5ed45771e98744fbdd9c5454bcee3c, type: 3}
      propertyPath: m_LocalRotation.y
      value: 0
      objectReference: {fileID: 0}
    - target: {fileID: 6711106402049207083, guid: ae5ed45771e98744fbdd9c5454bcee3c, type: 3}
      propertyPath: m_LocalRotation.z
      value: 0
      objectReference: {fileID: 0}
    - target: {fileID: 6711106402049207083, guid: ae5ed45771e98744fbdd9c5454bcee3c, type: 3}
      propertyPath: m_LocalEulerAnglesHint.x
      value: 0
      objectReference: {fileID: 0}
    - target: {fileID: 6711106402049207083, guid: ae5ed45771e98744fbdd9c5454bcee3c, type: 3}
      propertyPath: m_LocalEulerAnglesHint.y
      value: 0
      objectReference: {fileID: 0}
    - target: {fileID: 6711106402049207083, guid: ae5ed45771e98744fbdd9c5454bcee3c, type: 3}
      propertyPath: m_LocalEulerAnglesHint.z
      value: 0
      objectReference: {fileID: 0}
    m_RemovedComponents: []
  m_SourcePrefab: {fileID: 100100000, guid: ae5ed45771e98744fbdd9c5454bcee3c, type: 3}
--- !u!1001 &389090592
PrefabInstance:
  m_ObjectHideFlags: 0
  serializedVersion: 2
  m_Modification:
    m_TransformParent: {fileID: 0}
    m_Modifications:
    - target: {fileID: 1707527089260227113, guid: eeb2cdd9ce1a3cb418ff6fe5152276a9, type: 3}
      propertyPath: m_Name
      value: EventSystem
      objectReference: {fileID: 0}
    - target: {fileID: 1707527089260227114, guid: eeb2cdd9ce1a3cb418ff6fe5152276a9, type: 3}
      propertyPath: m_RootOrder
      value: 7
      objectReference: {fileID: 0}
    - target: {fileID: 1707527089260227114, guid: eeb2cdd9ce1a3cb418ff6fe5152276a9, type: 3}
      propertyPath: m_LocalPosition.x
      value: 0
      objectReference: {fileID: 0}
    - target: {fileID: 1707527089260227114, guid: eeb2cdd9ce1a3cb418ff6fe5152276a9, type: 3}
      propertyPath: m_LocalPosition.y
      value: 0
      objectReference: {fileID: 0}
    - target: {fileID: 1707527089260227114, guid: eeb2cdd9ce1a3cb418ff6fe5152276a9, type: 3}
      propertyPath: m_LocalPosition.z
      value: 0
      objectReference: {fileID: 0}
    - target: {fileID: 1707527089260227114, guid: eeb2cdd9ce1a3cb418ff6fe5152276a9, type: 3}
      propertyPath: m_LocalRotation.w
      value: 1
      objectReference: {fileID: 0}
    - target: {fileID: 1707527089260227114, guid: eeb2cdd9ce1a3cb418ff6fe5152276a9, type: 3}
      propertyPath: m_LocalRotation.x
      value: 0
      objectReference: {fileID: 0}
    - target: {fileID: 1707527089260227114, guid: eeb2cdd9ce1a3cb418ff6fe5152276a9, type: 3}
      propertyPath: m_LocalRotation.y
      value: 0
      objectReference: {fileID: 0}
    - target: {fileID: 1707527089260227114, guid: eeb2cdd9ce1a3cb418ff6fe5152276a9, type: 3}
      propertyPath: m_LocalRotation.z
      value: 0
      objectReference: {fileID: 0}
    - target: {fileID: 1707527089260227114, guid: eeb2cdd9ce1a3cb418ff6fe5152276a9, type: 3}
      propertyPath: m_LocalEulerAnglesHint.x
      value: 0
      objectReference: {fileID: 0}
    - target: {fileID: 1707527089260227114, guid: eeb2cdd9ce1a3cb418ff6fe5152276a9, type: 3}
      propertyPath: m_LocalEulerAnglesHint.y
      value: 0
      objectReference: {fileID: 0}
    - target: {fileID: 1707527089260227114, guid: eeb2cdd9ce1a3cb418ff6fe5152276a9, type: 3}
      propertyPath: m_LocalEulerAnglesHint.z
      value: 0
      objectReference: {fileID: 0}
    m_RemovedComponents: []
  m_SourcePrefab: {fileID: 100100000, guid: eeb2cdd9ce1a3cb418ff6fe5152276a9, type: 3}
--- !u!1001 &489331515
PrefabInstance:
  m_ObjectHideFlags: 0
  serializedVersion: 2
  m_Modification:
    m_TransformParent: {fileID: 0}
    m_Modifications:
    - target: {fileID: 2134941102119398139, guid: 0f7b0f12c21ca2042b2c49f3752636e1, type: 3}
      propertyPath: targetGrid
      value: 
      objectReference: {fileID: 1884376547}
    - target: {fileID: 2134941102119398139, guid: 0f7b0f12c21ca2042b2c49f3752636e1, type: 3}
      propertyPath: lineRenderer
      value: 
      objectReference: {fileID: 1120929752}
    - target: {fileID: 5087746737887227393, guid: 0f7b0f12c21ca2042b2c49f3752636e1, type: 3}
      propertyPath: m_Name
      value: InputManager
      objectReference: {fileID: 0}
    - target: {fileID: 7687653700437676470, guid: 0f7b0f12c21ca2042b2c49f3752636e1, type: 3}
      propertyPath: targetGrid
      value: 
      objectReference: {fileID: 1884376547}
    - target: {fileID: 8028791709490219419, guid: 0f7b0f12c21ca2042b2c49f3752636e1, type: 3}
      propertyPath: m_RootOrder
      value: 6
      objectReference: {fileID: 0}
    - target: {fileID: 8028791709490219419, guid: 0f7b0f12c21ca2042b2c49f3752636e1, type: 3}
      propertyPath: m_LocalPosition.x
      value: 1.9160124
      objectReference: {fileID: 0}
    - target: {fileID: 8028791709490219419, guid: 0f7b0f12c21ca2042b2c49f3752636e1, type: 3}
      propertyPath: m_LocalPosition.y
      value: -0.3513694
      objectReference: {fileID: 0}
    - target: {fileID: 8028791709490219419, guid: 0f7b0f12c21ca2042b2c49f3752636e1, type: 3}
      propertyPath: m_LocalPosition.z
      value: -346.4591
      objectReference: {fileID: 0}
    - target: {fileID: 8028791709490219419, guid: 0f7b0f12c21ca2042b2c49f3752636e1, type: 3}
      propertyPath: m_LocalRotation.w
      value: 1
      objectReference: {fileID: 0}
    - target: {fileID: 8028791709490219419, guid: 0f7b0f12c21ca2042b2c49f3752636e1, type: 3}
      propertyPath: m_LocalRotation.x
      value: 0
      objectReference: {fileID: 0}
    - target: {fileID: 8028791709490219419, guid: 0f7b0f12c21ca2042b2c49f3752636e1, type: 3}
      propertyPath: m_LocalRotation.y
      value: 0
      objectReference: {fileID: 0}
    - target: {fileID: 8028791709490219419, guid: 0f7b0f12c21ca2042b2c49f3752636e1, type: 3}
      propertyPath: m_LocalRotation.z
      value: 0
      objectReference: {fileID: 0}
    - target: {fileID: 8028791709490219419, guid: 0f7b0f12c21ca2042b2c49f3752636e1, type: 3}
      propertyPath: m_LocalEulerAnglesHint.x
      value: 0
      objectReference: {fileID: 0}
    - target: {fileID: 8028791709490219419, guid: 0f7b0f12c21ca2042b2c49f3752636e1, type: 3}
      propertyPath: m_LocalEulerAnglesHint.y
      value: 0
      objectReference: {fileID: 0}
    - target: {fileID: 8028791709490219419, guid: 0f7b0f12c21ca2042b2c49f3752636e1, type: 3}
      propertyPath: m_LocalEulerAnglesHint.z
      value: 0
      objectReference: {fileID: 0}
    m_RemovedComponents: []
  m_SourcePrefab: {fileID: 100100000, guid: 0f7b0f12c21ca2042b2c49f3752636e1, type: 3}
--- !u!1001 &607224294
PrefabInstance:
  m_ObjectHideFlags: 0
  serializedVersion: 2
  m_Modification:
    m_TransformParent: {fileID: 0}
    m_Modifications:
    - target: {fileID: 3536633608215759812, guid: 77acc84cf0fc08946814cb3fa9535225, type: 3}
      propertyPath: m_OnClick.m_PersistentCalls.m_Calls.Array.data[0].m_Target
      value: 
      objectReference: {fileID: 1015104862}
    - target: {fileID: 3536633608215759812, guid: 77acc84cf0fc08946814cb3fa9535225, type: 3}
      propertyPath: m_OnClick.m_PersistentCalls.m_Calls.Array.data[0].m_MethodName
      value: ContinuarNivel
      objectReference: {fileID: 0}
    - target: {fileID: 3555450533726780370, guid: 77acc84cf0fc08946814cb3fa9535225, type: 3}
      propertyPath: m_OnClick.m_PersistentCalls.m_Calls.Array.data[0].m_Target
      value: 
      objectReference: {fileID: 1015104862}
    - target: {fileID: 3555450533726780370, guid: 77acc84cf0fc08946814cb3fa9535225, type: 3}
      propertyPath: m_OnClick.m_PersistentCalls.m_Calls.Array.data[0].m_MethodName
      value: ReiniciarNivel
      objectReference: {fileID: 0}
    - target: {fileID: 4619597636877316418, guid: 77acc84cf0fc08946814cb3fa9535225, type: 3}
      propertyPath: m_OnClick.m_PersistentCalls.m_Calls.Array.data[0].m_Target
      value: 
      objectReference: {fileID: 1015104862}
    - target: {fileID: 4619597636877316418, guid: 77acc84cf0fc08946814cb3fa9535225, type: 3}
      propertyPath: m_OnClick.m_PersistentCalls.m_Calls.Array.data[0].m_MethodName
      value: MenuInicial
      objectReference: {fileID: 0}
    - target: {fileID: 4619597636877316418, guid: 77acc84cf0fc08946814cb3fa9535225, type: 3}
      propertyPath: m_OnClick.m_PersistentCalls.m_Calls.Array.data[0].m_TargetAssemblyTypeName
      value: LevelManager, Assembly-CSharp
      objectReference: {fileID: 0}
    - target: {fileID: 5461233238955353664, guid: 77acc84cf0fc08946814cb3fa9535225, type: 3}
      propertyPath: m_OnClick.m_PersistentCalls.m_Calls.Array.data[0].m_Target
      value: 
      objectReference: {fileID: 1015104862}
    - target: {fileID: 5461233238955353664, guid: 77acc84cf0fc08946814cb3fa9535225, type: 3}
      propertyPath: m_OnClick.m_PersistentCalls.m_Calls.Array.data[0].m_MethodName
      value: ContinuarNivel
      objectReference: {fileID: 0}
    - target: {fileID: 7671676687017458836, guid: 77acc84cf0fc08946814cb3fa9535225, type: 3}
      propertyPath: m_Name
      value: PausaCanvas
      objectReference: {fileID: 0}
    - target: {fileID: 8340110924175742153, guid: 77acc84cf0fc08946814cb3fa9535225, type: 3}
      propertyPath: m_OnClick.m_PersistentCalls.m_Calls.Array.data[0].m_Target
      value: 
      objectReference: {fileID: 1015104862}
    - target: {fileID: 8340110924175742153, guid: 77acc84cf0fc08946814cb3fa9535225, type: 3}
      propertyPath: m_OnClick.m_PersistentCalls.m_Calls.Array.data[0].m_MethodName
      value: NivelAnterior
      objectReference: {fileID: 0}
    - target: {fileID: 8367249857343702357, guid: 77acc84cf0fc08946814cb3fa9535225, type: 3}
      propertyPath: m_Pivot.x
      value: 0
      objectReference: {fileID: 0}
    - target: {fileID: 8367249857343702357, guid: 77acc84cf0fc08946814cb3fa9535225, type: 3}
      propertyPath: m_Pivot.y
      value: 0
      objectReference: {fileID: 0}
    - target: {fileID: 8367249857343702357, guid: 77acc84cf0fc08946814cb3fa9535225, type: 3}
      propertyPath: m_RootOrder
      value: 9
      objectReference: {fileID: 0}
    - target: {fileID: 8367249857343702357, guid: 77acc84cf0fc08946814cb3fa9535225, type: 3}
      propertyPath: m_AnchorMax.x
      value: 0
      objectReference: {fileID: 0}
    - target: {fileID: 8367249857343702357, guid: 77acc84cf0fc08946814cb3fa9535225, type: 3}
      propertyPath: m_AnchorMax.y
      value: 0
      objectReference: {fileID: 0}
    - target: {fileID: 8367249857343702357, guid: 77acc84cf0fc08946814cb3fa9535225, type: 3}
      propertyPath: m_AnchorMin.x
      value: 0
      objectReference: {fileID: 0}
    - target: {fileID: 8367249857343702357, guid: 77acc84cf0fc08946814cb3fa9535225, type: 3}
      propertyPath: m_AnchorMin.y
      value: 0
      objectReference: {fileID: 0}
    - target: {fileID: 8367249857343702357, guid: 77acc84cf0fc08946814cb3fa9535225, type: 3}
      propertyPath: m_SizeDelta.x
      value: 0
      objectReference: {fileID: 0}
    - target: {fileID: 8367249857343702357, guid: 77acc84cf0fc08946814cb3fa9535225, type: 3}
      propertyPath: m_SizeDelta.y
      value: 0
      objectReference: {fileID: 0}
    - target: {fileID: 8367249857343702357, guid: 77acc84cf0fc08946814cb3fa9535225, type: 3}
      propertyPath: m_LocalPosition.x
      value: 0
      objectReference: {fileID: 0}
    - target: {fileID: 8367249857343702357, guid: 77acc84cf0fc08946814cb3fa9535225, type: 3}
      propertyPath: m_LocalPosition.y
      value: 0
      objectReference: {fileID: 0}
    - target: {fileID: 8367249857343702357, guid: 77acc84cf0fc08946814cb3fa9535225, type: 3}
      propertyPath: m_LocalPosition.z
      value: 0
      objectReference: {fileID: 0}
    - target: {fileID: 8367249857343702357, guid: 77acc84cf0fc08946814cb3fa9535225, type: 3}
      propertyPath: m_LocalRotation.w
      value: 1
      objectReference: {fileID: 0}
    - target: {fileID: 8367249857343702357, guid: 77acc84cf0fc08946814cb3fa9535225, type: 3}
      propertyPath: m_LocalRotation.x
      value: 0
      objectReference: {fileID: 0}
    - target: {fileID: 8367249857343702357, guid: 77acc84cf0fc08946814cb3fa9535225, type: 3}
      propertyPath: m_LocalRotation.y
      value: 0
      objectReference: {fileID: 0}
    - target: {fileID: 8367249857343702357, guid: 77acc84cf0fc08946814cb3fa9535225, type: 3}
      propertyPath: m_LocalRotation.z
      value: 0
      objectReference: {fileID: 0}
    - target: {fileID: 8367249857343702357, guid: 77acc84cf0fc08946814cb3fa9535225, type: 3}
      propertyPath: m_AnchoredPosition.x
      value: 0
      objectReference: {fileID: 0}
    - target: {fileID: 8367249857343702357, guid: 77acc84cf0fc08946814cb3fa9535225, type: 3}
      propertyPath: m_AnchoredPosition.y
      value: 0
      objectReference: {fileID: 0}
    - target: {fileID: 8367249857343702357, guid: 77acc84cf0fc08946814cb3fa9535225, type: 3}
      propertyPath: m_LocalEulerAnglesHint.x
      value: 0
      objectReference: {fileID: 0}
    - target: {fileID: 8367249857343702357, guid: 77acc84cf0fc08946814cb3fa9535225, type: 3}
      propertyPath: m_LocalEulerAnglesHint.y
      value: 0
      objectReference: {fileID: 0}
    - target: {fileID: 8367249857343702357, guid: 77acc84cf0fc08946814cb3fa9535225, type: 3}
      propertyPath: m_LocalEulerAnglesHint.z
      value: 0
      objectReference: {fileID: 0}
    m_RemovedComponents: []
  m_SourcePrefab: {fileID: 100100000, guid: 77acc84cf0fc08946814cb3fa9535225, type: 3}
--- !u!223 &607224295 stripped
Canvas:
  m_CorrespondingSourceObject: {fileID: 3847659033518640421, guid: 77acc84cf0fc08946814cb3fa9535225, type: 3}
  m_PrefabInstance: {fileID: 607224294}
  m_PrefabAsset: {fileID: 0}
--- !u!1001 &697519242
PrefabInstance:
  m_ObjectHideFlags: 0
  serializedVersion: 2
  m_Modification:
    m_TransformParent: {fileID: 1762658987}
    m_Modifications:
    - target: {fileID: 5709544604215480239, guid: 654b507f5162ab44abc11c7718275d8e, type: 3}
      propertyPath: m_RootOrder
      value: 5
      objectReference: {fileID: 0}
    - target: {fileID: 5709544604215480239, guid: 654b507f5162ab44abc11c7718275d8e, type: 3}
      propertyPath: m_LocalPosition.x
      value: 0
      objectReference: {fileID: 0}
    - target: {fileID: 5709544604215480239, guid: 654b507f5162ab44abc11c7718275d8e, type: 3}
      propertyPath: m_LocalPosition.y
      value: 0
      objectReference: {fileID: 0}
    - target: {fileID: 5709544604215480239, guid: 654b507f5162ab44abc11c7718275d8e, type: 3}
      propertyPath: m_LocalPosition.z
      value: 0
      objectReference: {fileID: 0}
    - target: {fileID: 5709544604215480239, guid: 654b507f5162ab44abc11c7718275d8e, type: 3}
      propertyPath: m_LocalRotation.w
      value: 1
      objectReference: {fileID: 0}
    - target: {fileID: 5709544604215480239, guid: 654b507f5162ab44abc11c7718275d8e, type: 3}
      propertyPath: m_LocalRotation.x
      value: 0
      objectReference: {fileID: 0}
    - target: {fileID: 5709544604215480239, guid: 654b507f5162ab44abc11c7718275d8e, type: 3}
      propertyPath: m_LocalRotation.y
      value: 0
      objectReference: {fileID: 0}
    - target: {fileID: 5709544604215480239, guid: 654b507f5162ab44abc11c7718275d8e, type: 3}
      propertyPath: m_LocalRotation.z
      value: 0
      objectReference: {fileID: 0}
    - target: {fileID: 5709544604215480239, guid: 654b507f5162ab44abc11c7718275d8e, type: 3}
      propertyPath: m_LocalEulerAnglesHint.x
      value: 0
      objectReference: {fileID: 0}
    - target: {fileID: 5709544604215480239, guid: 654b507f5162ab44abc11c7718275d8e, type: 3}
      propertyPath: m_LocalEulerAnglesHint.y
      value: 0
      objectReference: {fileID: 0}
    - target: {fileID: 5709544604215480239, guid: 654b507f5162ab44abc11c7718275d8e, type: 3}
      propertyPath: m_LocalEulerAnglesHint.z
      value: 0
      objectReference: {fileID: 0}
    - target: {fileID: 6680507431006424322, guid: 654b507f5162ab44abc11c7718275d8e, type: 3}
      propertyPath: m_Name
      value: PuntosExtra
      objectReference: {fileID: 0}
    m_RemovedComponents: []
  m_SourcePrefab: {fileID: 100100000, guid: 654b507f5162ab44abc11c7718275d8e, type: 3}
--- !u!1001 &768520391
PrefabInstance:
  m_ObjectHideFlags: 0
  serializedVersion: 2
  m_Modification:
    m_TransformParent: {fileID: 1762658987}
    m_Modifications:
    - target: {fileID: 3968132992009924343, guid: 4e13f17fa8029224da1899a3348f26a8, type: 3}
      propertyPath: m_Name
      value: "Hidr\xE1ulica"
      objectReference: {fileID: 0}
    - target: {fileID: 6077359788754837595, guid: 4e13f17fa8029224da1899a3348f26a8, type: 3}
      propertyPath: m_RootOrder
      value: 6
      objectReference: {fileID: 0}
    - target: {fileID: 6077359788754837595, guid: 4e13f17fa8029224da1899a3348f26a8, type: 3}
      propertyPath: m_LocalPosition.x
      value: 0
      objectReference: {fileID: 0}
    - target: {fileID: 6077359788754837595, guid: 4e13f17fa8029224da1899a3348f26a8, type: 3}
      propertyPath: m_LocalPosition.y
      value: 0.8659766
      objectReference: {fileID: 0}
    - target: {fileID: 6077359788754837595, guid: 4e13f17fa8029224da1899a3348f26a8, type: 3}
      propertyPath: m_LocalPosition.z
      value: 0
      objectReference: {fileID: 0}
    - target: {fileID: 6077359788754837595, guid: 4e13f17fa8029224da1899a3348f26a8, type: 3}
      propertyPath: m_LocalRotation.w
      value: 1
      objectReference: {fileID: 0}
    - target: {fileID: 6077359788754837595, guid: 4e13f17fa8029224da1899a3348f26a8, type: 3}
      propertyPath: m_LocalRotation.x
      value: 0
      objectReference: {fileID: 0}
    - target: {fileID: 6077359788754837595, guid: 4e13f17fa8029224da1899a3348f26a8, type: 3}
      propertyPath: m_LocalRotation.y
      value: 0
      objectReference: {fileID: 0}
    - target: {fileID: 6077359788754837595, guid: 4e13f17fa8029224da1899a3348f26a8, type: 3}
      propertyPath: m_LocalRotation.z
      value: 0
      objectReference: {fileID: 0}
    - target: {fileID: 6077359788754837595, guid: 4e13f17fa8029224da1899a3348f26a8, type: 3}
      propertyPath: m_LocalEulerAnglesHint.x
      value: 0
      objectReference: {fileID: 0}
    - target: {fileID: 6077359788754837595, guid: 4e13f17fa8029224da1899a3348f26a8, type: 3}
      propertyPath: m_LocalEulerAnglesHint.y
      value: 0
      objectReference: {fileID: 0}
    - target: {fileID: 6077359788754837595, guid: 4e13f17fa8029224da1899a3348f26a8, type: 3}
      propertyPath: m_LocalEulerAnglesHint.z
      value: 0
      objectReference: {fileID: 0}
    m_RemovedComponents: []
  m_SourcePrefab: {fileID: 100100000, guid: 4e13f17fa8029224da1899a3348f26a8, type: 3}
--- !u!114 &1015104862 stripped
MonoBehaviour:
  m_CorrespondingSourceObject: {fileID: 990828545072398318, guid: 7b98462166370c14f9d8254d609192bf, type: 3}
  m_PrefabInstance: {fileID: 45669402}
  m_PrefabAsset: {fileID: 0}
  m_GameObject: {fileID: 0}
  m_Enabled: 1
  m_EditorHideFlags: 0
  m_Script: {fileID: 11500000, guid: 20db6bc89306e1b40aaab64a701d941f, type: 3}
  m_Name: 
  m_EditorClassIdentifier: 
--- !u!1001 &1120929751
PrefabInstance:
  m_ObjectHideFlags: 0
  serializedVersion: 2
  m_Modification:
    m_TransformParent: {fileID: 0}
    m_Modifications:
    - target: {fileID: 5196132420281685041, guid: 26025d8e74b20f14ba50b3e5193d528e, type: 3}
      propertyPath: m_Name
      value: LineRenderer
      objectReference: {fileID: 0}
    - target: {fileID: 5196132420281685043, guid: 26025d8e74b20f14ba50b3e5193d528e, type: 3}
      propertyPath: m_RootOrder
      value: 5
      objectReference: {fileID: 0}
    - target: {fileID: 5196132420281685043, guid: 26025d8e74b20f14ba50b3e5193d528e, type: 3}
      propertyPath: m_LocalPosition.x
      value: 0.01537702
      objectReference: {fileID: 0}
    - target: {fileID: 5196132420281685043, guid: 26025d8e74b20f14ba50b3e5193d528e, type: 3}
      propertyPath: m_LocalPosition.y
      value: 0.24836263
      objectReference: {fileID: 0}
    - target: {fileID: 5196132420281685043, guid: 26025d8e74b20f14ba50b3e5193d528e, type: 3}
      propertyPath: m_LocalPosition.z
      value: -9.768024
      objectReference: {fileID: 0}
    - target: {fileID: 5196132420281685043, guid: 26025d8e74b20f14ba50b3e5193d528e, type: 3}
      propertyPath: m_LocalRotation.w
      value: 1
      objectReference: {fileID: 0}
    - target: {fileID: 5196132420281685043, guid: 26025d8e74b20f14ba50b3e5193d528e, type: 3}
      propertyPath: m_LocalRotation.x
      value: 0
      objectReference: {fileID: 0}
    - target: {fileID: 5196132420281685043, guid: 26025d8e74b20f14ba50b3e5193d528e, type: 3}
      propertyPath: m_LocalRotation.y
      value: 0
      objectReference: {fileID: 0}
    - target: {fileID: 5196132420281685043, guid: 26025d8e74b20f14ba50b3e5193d528e, type: 3}
      propertyPath: m_LocalRotation.z
      value: 0
      objectReference: {fileID: 0}
    - target: {fileID: 5196132420281685043, guid: 26025d8e74b20f14ba50b3e5193d528e, type: 3}
      propertyPath: m_LocalEulerAnglesHint.x
      value: 0
      objectReference: {fileID: 0}
    - target: {fileID: 5196132420281685043, guid: 26025d8e74b20f14ba50b3e5193d528e, type: 3}
      propertyPath: m_LocalEulerAnglesHint.y
      value: 0
      objectReference: {fileID: 0}
    - target: {fileID: 5196132420281685043, guid: 26025d8e74b20f14ba50b3e5193d528e, type: 3}
      propertyPath: m_LocalEulerAnglesHint.z
      value: 0
      objectReference: {fileID: 0}
    m_RemovedComponents: []
  m_SourcePrefab: {fileID: 100100000, guid: 26025d8e74b20f14ba50b3e5193d528e, type: 3}
--- !u!120 &1120929752 stripped
LineRenderer:
  m_CorrespondingSourceObject: {fileID: 5196132420281685040, guid: 26025d8e74b20f14ba50b3e5193d528e, type: 3}
  m_PrefabInstance: {fileID: 1120929751}
  m_PrefabAsset: {fileID: 0}
--- !u!1 &1185955792
GameObject:
  m_ObjectHideFlags: 0
  m_CorrespondingSourceObject: {fileID: 0}
  m_PrefabInstance: {fileID: 0}
  m_PrefabAsset: {fileID: 0}
  serializedVersion: 6
  m_Component:
  - component: {fileID: 1185955795}
  - component: {fileID: 1185955794}
  - component: {fileID: 1185955793}
  m_Layer: 0
  m_Name: Main Camera
  m_TagString: MainCamera
  m_Icon: {fileID: 0}
  m_NavMeshLayer: 0
  m_StaticEditorFlags: 0
  m_IsActive: 1
--- !u!81 &1185955793
AudioListener:
  m_ObjectHideFlags: 0
  m_CorrespondingSourceObject: {fileID: 0}
  m_PrefabInstance: {fileID: 0}
  m_PrefabAsset: {fileID: 0}
  m_GameObject: {fileID: 1185955792}
  m_Enabled: 1
--- !u!20 &1185955794
Camera:
  m_ObjectHideFlags: 0
  m_CorrespondingSourceObject: {fileID: 0}
  m_PrefabInstance: {fileID: 0}
  m_PrefabAsset: {fileID: 0}
  m_GameObject: {fileID: 1185955792}
  m_Enabled: 1
  serializedVersion: 2
  m_ClearFlags: 1
  m_BackGroundColor: {r: 0.19215687, g: 0.3019608, b: 0.4745098, a: 0}
  m_projectionMatrixMode: 1
  m_GateFitMode: 2
  m_FOVAxisMode: 0
  m_SensorSize: {x: 36, y: 24}
  m_LensShift: {x: 0, y: 0}
  m_FocalLength: 50
  m_NormalizedViewPortRect:
    serializedVersion: 2
    x: 0
    y: 0
    width: 1
    height: 1
  near clip plane: 0.3
  far clip plane: 1000
  field of view: 60
  orthographic: 1
  orthographic size: 5
  m_Depth: -1
  m_CullingMask:
    serializedVersion: 2
    m_Bits: 4294967295
  m_RenderingPath: -1
  m_TargetTexture: {fileID: 0}
  m_TargetDisplay: 0
  m_TargetEye: 3
  m_HDR: 1
  m_AllowMSAA: 1
  m_AllowDynamicResolution: 0
  m_ForceIntoRT: 0
  m_OcclusionCulling: 1
  m_StereoConvergence: 10
  m_StereoSeparation: 0.022
--- !u!4 &1185955795
Transform:
  m_ObjectHideFlags: 0
  m_CorrespondingSourceObject: {fileID: 0}
  m_PrefabInstance: {fileID: 0}
  m_PrefabAsset: {fileID: 0}
  m_GameObject: {fileID: 1185955792}
  m_LocalRotation: {x: 0, y: 0, z: 0, w: 1}
  m_LocalPosition: {x: 0, y: 0, z: -10}
  m_LocalScale: {x: 1, y: 1, z: 1}
  m_Children: []
  m_Father: {fileID: 0}
  m_RootOrder: 0
  m_LocalEulerAnglesHint: {x: 0, y: 0, z: 0}
--- !u!1001 &1213953095
PrefabInstance:
  m_ObjectHideFlags: 0
  serializedVersion: 2
  m_Modification:
    m_TransformParent: {fileID: 1762658987}
    m_Modifications:
    - target: {fileID: 5709544604215480239, guid: 654b507f5162ab44abc11c7718275d8e, type: 3}
      propertyPath: m_RootOrder
      value: 3
      objectReference: {fileID: 0}
    - target: {fileID: 5709544604215480239, guid: 654b507f5162ab44abc11c7718275d8e, type: 3}
      propertyPath: m_LocalPosition.x
      value: -0.75
      objectReference: {fileID: 0}
    - target: {fileID: 5709544604215480239, guid: 654b507f5162ab44abc11c7718275d8e, type: 3}
      propertyPath: m_LocalPosition.y
      value: 1.2989649
      objectReference: {fileID: 0}
    - target: {fileID: 5709544604215480239, guid: 654b507f5162ab44abc11c7718275d8e, type: 3}
      propertyPath: m_LocalPosition.z
      value: 0
      objectReference: {fileID: 0}
    - target: {fileID: 5709544604215480239, guid: 654b507f5162ab44abc11c7718275d8e, type: 3}
      propertyPath: m_LocalRotation.w
      value: 1
      objectReference: {fileID: 0}
    - target: {fileID: 5709544604215480239, guid: 654b507f5162ab44abc11c7718275d8e, type: 3}
      propertyPath: m_LocalRotation.x
      value: 0
      objectReference: {fileID: 0}
    - target: {fileID: 5709544604215480239, guid: 654b507f5162ab44abc11c7718275d8e, type: 3}
      propertyPath: m_LocalRotation.y
      value: 0
      objectReference: {fileID: 0}
    - target: {fileID: 5709544604215480239, guid: 654b507f5162ab44abc11c7718275d8e, type: 3}
      propertyPath: m_LocalRotation.z
      value: 0
      objectReference: {fileID: 0}
    - target: {fileID: 5709544604215480239, guid: 654b507f5162ab44abc11c7718275d8e, type: 3}
      propertyPath: m_LocalEulerAnglesHint.x
      value: 0
      objectReference: {fileID: 0}
    - target: {fileID: 5709544604215480239, guid: 654b507f5162ab44abc11c7718275d8e, type: 3}
      propertyPath: m_LocalEulerAnglesHint.y
      value: 0
      objectReference: {fileID: 0}
    - target: {fileID: 5709544604215480239, guid: 654b507f5162ab44abc11c7718275d8e, type: 3}
      propertyPath: m_LocalEulerAnglesHint.z
      value: 0
      objectReference: {fileID: 0}
    - target: {fileID: 6680507431006424322, guid: 654b507f5162ab44abc11c7718275d8e, type: 3}
      propertyPath: m_Name
      value: PuntosExtra
      objectReference: {fileID: 0}
    m_RemovedComponents: []
  m_SourcePrefab: {fileID: 100100000, guid: 654b507f5162ab44abc11c7718275d8e, type: 3}
--- !u!1001 &1216398317
PrefabInstance:
  m_ObjectHideFlags: 0
  serializedVersion: 2
  m_Modification:
    m_TransformParent: {fileID: 1762658987}
    m_Modifications:
    - target: {fileID: 4134676791600900312, guid: ae5ed45771e98744fbdd9c5454bcee3c, type: 3}
      propertyPath: m_Name
      value: Ciudad
      objectReference: {fileID: 0}
    - target: {fileID: 5603584633169688844, guid: ae5ed45771e98744fbdd9c5454bcee3c, type: 3}
      propertyPath: "energ\xEDaRequerida"
      value: 6
      objectReference: {fileID: 0}
    - target: {fileID: 6711106402049207083, guid: ae5ed45771e98744fbdd9c5454bcee3c, type: 3}
      propertyPath: m_RootOrder
      value: 0
      objectReference: {fileID: 0}
    - target: {fileID: 6711106402049207083, guid: ae5ed45771e98744fbdd9c5454bcee3c, type: 3}
      propertyPath: m_LocalPosition.x
      value: -1.5
      objectReference: {fileID: 0}
    - target: {fileID: 6711106402049207083, guid: ae5ed45771e98744fbdd9c5454bcee3c, type: 3}
      propertyPath: m_LocalPosition.y
      value: 1.7319531
      objectReference: {fileID: 0}
    - target: {fileID: 6711106402049207083, guid: ae5ed45771e98744fbdd9c5454bcee3c, type: 3}
      propertyPath: m_LocalPosition.z
      value: 0
      objectReference: {fileID: 0}
    - target: {fileID: 6711106402049207083, guid: ae5ed45771e98744fbdd9c5454bcee3c, type: 3}
      propertyPath: m_LocalRotation.w
      value: 1
      objectReference: {fileID: 0}
    - target: {fileID: 6711106402049207083, guid: ae5ed45771e98744fbdd9c5454bcee3c, type: 3}
      propertyPath: m_LocalRotation.x
      value: 0
      objectReference: {fileID: 0}
    - target: {fileID: 6711106402049207083, guid: ae5ed45771e98744fbdd9c5454bcee3c, type: 3}
      propertyPath: m_LocalRotation.y
      value: 0
      objectReference: {fileID: 0}
    - target: {fileID: 6711106402049207083, guid: ae5ed45771e98744fbdd9c5454bcee3c, type: 3}
      propertyPath: m_LocalRotation.z
      value: 0
      objectReference: {fileID: 0}
    - target: {fileID: 6711106402049207083, guid: ae5ed45771e98744fbdd9c5454bcee3c, type: 3}
      propertyPath: m_LocalEulerAnglesHint.x
      value: 0
      objectReference: {fileID: 0}
    - target: {fileID: 6711106402049207083, guid: ae5ed45771e98744fbdd9c5454bcee3c, type: 3}
      propertyPath: m_LocalEulerAnglesHint.y
      value: 0
      objectReference: {fileID: 0}
    - target: {fileID: 6711106402049207083, guid: ae5ed45771e98744fbdd9c5454bcee3c, type: 3}
      propertyPath: m_LocalEulerAnglesHint.z
      value: 0
      objectReference: {fileID: 0}
    m_RemovedComponents: []
  m_SourcePrefab: {fileID: 100100000, guid: ae5ed45771e98744fbdd9c5454bcee3c, type: 3}
--- !u!1001 &1386451489
PrefabInstance:
  m_ObjectHideFlags: 0
  serializedVersion: 2
  m_Modification:
    m_TransformParent: {fileID: 0}
    m_Modifications:
    - target: {fileID: 497796926788535631, guid: b621ec1454dd92c4d81f4595342717af, type: 3}
      propertyPath: m_RootOrder
      value: 4
      objectReference: {fileID: 0}
    - target: {fileID: 497796926788535631, guid: b621ec1454dd92c4d81f4595342717af, type: 3}
      propertyPath: m_LocalPosition.x
      value: 0
      objectReference: {fileID: 0}
    - target: {fileID: 497796926788535631, guid: b621ec1454dd92c4d81f4595342717af, type: 3}
      propertyPath: m_LocalPosition.y
      value: 0
      objectReference: {fileID: 0}
    - target: {fileID: 497796926788535631, guid: b621ec1454dd92c4d81f4595342717af, type: 3}
      propertyPath: m_LocalPosition.z
      value: 0
      objectReference: {fileID: 0}
    - target: {fileID: 497796926788535631, guid: b621ec1454dd92c4d81f4595342717af, type: 3}
      propertyPath: m_LocalRotation.w
      value: 1
      objectReference: {fileID: 0}
    - target: {fileID: 497796926788535631, guid: b621ec1454dd92c4d81f4595342717af, type: 3}
      propertyPath: m_LocalRotation.x
      value: 0
      objectReference: {fileID: 0}
    - target: {fileID: 497796926788535631, guid: b621ec1454dd92c4d81f4595342717af, type: 3}
      propertyPath: m_LocalRotation.y
      value: 0
      objectReference: {fileID: 0}
    - target: {fileID: 497796926788535631, guid: b621ec1454dd92c4d81f4595342717af, type: 3}
      propertyPath: m_LocalRotation.z
      value: 0
      objectReference: {fileID: 0}
    - target: {fileID: 497796926788535631, guid: b621ec1454dd92c4d81f4595342717af, type: 3}
      propertyPath: m_LocalEulerAnglesHint.x
      value: 0
      objectReference: {fileID: 0}
    - target: {fileID: 497796926788535631, guid: b621ec1454dd92c4d81f4595342717af, type: 3}
      propertyPath: m_LocalEulerAnglesHint.y
      value: 0
      objectReference: {fileID: 0}
    - target: {fileID: 497796926788535631, guid: b621ec1454dd92c4d81f4595342717af, type: 3}
      propertyPath: m_LocalEulerAnglesHint.z
      value: 0
      objectReference: {fileID: 0}
    - target: {fileID: 1452413006980380476, guid: b621ec1454dd92c4d81f4595342717af, type: 3}
      propertyPath: m_Name
      value: Interfaz juego
      objectReference: {fileID: 0}
    - target: {fileID: 1452413006980380476, guid: b621ec1454dd92c4d81f4595342717af, type: 3}
      propertyPath: m_IsActive
      value: 0
      objectReference: {fileID: 0}
    m_RemovedComponents: []
  m_SourcePrefab: {fileID: 100100000, guid: b621ec1454dd92c4d81f4595342717af, type: 3}
--- !u!223 &1668307188 stripped
Canvas:
  m_CorrespondingSourceObject: {fileID: 1194910962283091511, guid: 73399d631d55bff4a9a30059747c2f0d, type: 3}
  m_PrefabInstance: {fileID: 284103848}
  m_PrefabAsset: {fileID: 0}
--- !u!1001 &1762658986
PrefabInstance:
  m_ObjectHideFlags: 0
  serializedVersion: 2
  m_Modification:
    m_TransformParent: {fileID: 0}
    m_Modifications:
    - target: {fileID: 1247867299795776161, guid: 9e06f41658853bb40ab733f2303d7417, type: 3}
      propertyPath: m_Tiles.Array.size
      value: 29
      objectReference: {fileID: 0}
    - target: {fileID: 1247867299795776161, guid: 9e06f41658853bb40ab733f2303d7417, type: 3}
      propertyPath: m_Tiles.Array.data[0].first.x
      value: 1
      objectReference: {fileID: 0}
    - target: {fileID: 1247867299795776161, guid: 9e06f41658853bb40ab733f2303d7417, type: 3}
      propertyPath: m_Tiles.Array.data[0].first.y
      value: -3
      objectReference: {fileID: 0}
    - target: {fileID: 1247867299795776161, guid: 9e06f41658853bb40ab733f2303d7417, type: 3}
      propertyPath: m_Tiles.Array.data[1].first.x
      value: 2
      objectReference: {fileID: 0}
    - target: {fileID: 1247867299795776161, guid: 9e06f41658853bb40ab733f2303d7417, type: 3}
      propertyPath: m_Tiles.Array.data[1].first.y
      value: -3
      objectReference: {fileID: 0}
    - target: {fileID: 1247867299795776161, guid: 9e06f41658853bb40ab733f2303d7417, type: 3}
      propertyPath: m_Tiles.Array.data[2].first.x
      value: 0
      objectReference: {fileID: 0}
    - target: {fileID: 1247867299795776161, guid: 9e06f41658853bb40ab733f2303d7417, type: 3}
      propertyPath: m_Tiles.Array.data[2].first.y
      value: -2
      objectReference: {fileID: 0}
    - target: {fileID: 1247867299795776161, guid: 9e06f41658853bb40ab733f2303d7417, type: 3}
      propertyPath: m_Tiles.Array.data[3].first.x
      value: 1
      objectReference: {fileID: 0}
    - target: {fileID: 1247867299795776161, guid: 9e06f41658853bb40ab733f2303d7417, type: 3}
      propertyPath: m_Tiles.Array.data[3].first.y
      value: -2
      objectReference: {fileID: 0}
    - target: {fileID: 1247867299795776161, guid: 9e06f41658853bb40ab733f2303d7417, type: 3}
      propertyPath: m_Tiles.Array.data[4].first.x
      value: 2
      objectReference: {fileID: 0}
    - target: {fileID: 1247867299795776161, guid: 9e06f41658853bb40ab733f2303d7417, type: 3}
      propertyPath: m_Tiles.Array.data[4].first.y
      value: -2
      objectReference: {fileID: 0}
    - target: {fileID: 1247867299795776161, guid: 9e06f41658853bb40ab733f2303d7417, type: 3}
      propertyPath: m_Tiles.Array.data[5].first.x
      value: 3
      objectReference: {fileID: 0}
    - target: {fileID: 1247867299795776161, guid: 9e06f41658853bb40ab733f2303d7417, type: 3}
      propertyPath: m_Tiles.Array.data[5].first.y
      value: -2
      objectReference: {fileID: 0}
    - target: {fileID: 1247867299795776161, guid: 9e06f41658853bb40ab733f2303d7417, type: 3}
      propertyPath: m_Tiles.Array.data[6].first.x
      value: -2
      objectReference: {fileID: 0}
    - target: {fileID: 1247867299795776161, guid: 9e06f41658853bb40ab733f2303d7417, type: 3}
      propertyPath: m_Tiles.Array.data[6].first.y
      value: -1
      objectReference: {fileID: 0}
    - target: {fileID: 1247867299795776161, guid: 9e06f41658853bb40ab733f2303d7417, type: 3}
      propertyPath: m_Tiles.Array.data[7].first.x
      value: -1
      objectReference: {fileID: 0}
    - target: {fileID: 1247867299795776161, guid: 9e06f41658853bb40ab733f2303d7417, type: 3}
      propertyPath: m_Tiles.Array.data[7].first.y
      value: -1
      objectReference: {fileID: 0}
    - target: {fileID: 1247867299795776161, guid: 9e06f41658853bb40ab733f2303d7417, type: 3}
      propertyPath: m_Tiles.Array.data[8].first.x
      value: 0
      objectReference: {fileID: 0}
    - target: {fileID: 1247867299795776161, guid: 9e06f41658853bb40ab733f2303d7417, type: 3}
      propertyPath: m_Tiles.Array.data[8].first.y
      value: -1
      objectReference: {fileID: 0}
    - target: {fileID: 1247867299795776161, guid: 9e06f41658853bb40ab733f2303d7417, type: 3}
      propertyPath: m_Tiles.Array.data[9].first.x
      value: 1
      objectReference: {fileID: 0}
    - target: {fileID: 1247867299795776161, guid: 9e06f41658853bb40ab733f2303d7417, type: 3}
      propertyPath: m_Tiles.Array.data[9].first.y
      value: -1
      objectReference: {fileID: 0}
    - target: {fileID: 1247867299795776161, guid: 9e06f41658853bb40ab733f2303d7417, type: 3}
      propertyPath: m_Tiles.Array.data[10].first.x
      value: 2
      objectReference: {fileID: 0}
    - target: {fileID: 1247867299795776161, guid: 9e06f41658853bb40ab733f2303d7417, type: 3}
      propertyPath: m_Tiles.Array.data[10].first.y
      value: -1
      objectReference: {fileID: 0}
    - target: {fileID: 1247867299795776161, guid: 9e06f41658853bb40ab733f2303d7417, type: 3}
      propertyPath: m_Tiles.Array.data[11].first.x
      value: -2
      objectReference: {fileID: 0}
    - target: {fileID: 1247867299795776161, guid: 9e06f41658853bb40ab733f2303d7417, type: 3}
      propertyPath: m_Tiles.Array.data[11].first.y
      value: 0
      objectReference: {fileID: 0}
    - target: {fileID: 1247867299795776161, guid: 9e06f41658853bb40ab733f2303d7417, type: 3}
      propertyPath: m_Tiles.Array.data[12].first.x
      value: -1
      objectReference: {fileID: 0}
    - target: {fileID: 1247867299795776161, guid: 9e06f41658853bb40ab733f2303d7417, type: 3}
      propertyPath: m_Tiles.Array.data[12].first.y
      value: 0
      objectReference: {fileID: 0}
    - target: {fileID: 1247867299795776161, guid: 9e06f41658853bb40ab733f2303d7417, type: 3}
      propertyPath: m_Tiles.Array.data[13].first.x
      value: 0
      objectReference: {fileID: 0}
    - target: {fileID: 1247867299795776161, guid: 9e06f41658853bb40ab733f2303d7417, type: 3}
      propertyPath: m_Tiles.Array.data[13].first.y
      value: 0
      objectReference: {fileID: 0}
    - target: {fileID: 1247867299795776161, guid: 9e06f41658853bb40ab733f2303d7417, type: 3}
      propertyPath: m_Tiles.Array.data[14].first.x
      value: 1
      objectReference: {fileID: 0}
    - target: {fileID: 1247867299795776161, guid: 9e06f41658853bb40ab733f2303d7417, type: 3}
      propertyPath: m_Tiles.Array.data[14].first.y
      value: 0
      objectReference: {fileID: 0}
    - target: {fileID: 1247867299795776161, guid: 9e06f41658853bb40ab733f2303d7417, type: 3}
      propertyPath: m_Tiles.Array.data[15].first.x
      value: 2
      objectReference: {fileID: 0}
    - target: {fileID: 1247867299795776161, guid: 9e06f41658853bb40ab733f2303d7417, type: 3}
      propertyPath: m_Tiles.Array.data[15].first.y
      value: 0
      objectReference: {fileID: 0}
    - target: {fileID: 1247867299795776161, guid: 9e06f41658853bb40ab733f2303d7417, type: 3}
      propertyPath: m_Tiles.Array.data[16].first.x
      value: 3
      objectReference: {fileID: 0}
    - target: {fileID: 1247867299795776161, guid: 9e06f41658853bb40ab733f2303d7417, type: 3}
      propertyPath: m_Tiles.Array.data[16].first.y
      value: 0
      objectReference: {fileID: 0}
    - target: {fileID: 1247867299795776161, guid: 9e06f41658853bb40ab733f2303d7417, type: 3}
      propertyPath: m_Tiles.Array.data[17].first.x
      value: -2
      objectReference: {fileID: 0}
    - target: {fileID: 1247867299795776161, guid: 9e06f41658853bb40ab733f2303d7417, type: 3}
      propertyPath: m_Tiles.Array.data[17].first.y
      value: 1
      objectReference: {fileID: 0}
    - target: {fileID: 1247867299795776161, guid: 9e06f41658853bb40ab733f2303d7417, type: 3}
      propertyPath: m_Tiles.Array.data[18].first.x
      value: -1
      objectReference: {fileID: 0}
    - target: {fileID: 1247867299795776161, guid: 9e06f41658853bb40ab733f2303d7417, type: 3}
      propertyPath: m_Tiles.Array.data[18].first.y
      value: 1
      objectReference: {fileID: 0}
    - target: {fileID: 1247867299795776161, guid: 9e06f41658853bb40ab733f2303d7417, type: 3}
      propertyPath: m_Tiles.Array.data[19].first.x
      value: 0
      objectReference: {fileID: 0}
    - target: {fileID: 1247867299795776161, guid: 9e06f41658853bb40ab733f2303d7417, type: 3}
      propertyPath: m_Tiles.Array.data[19].first.y
      value: 1
      objectReference: {fileID: 0}
    - target: {fileID: 1247867299795776161, guid: 9e06f41658853bb40ab733f2303d7417, type: 3}
      propertyPath: m_Tiles.Array.data[20].first.x
      value: 1
      objectReference: {fileID: 0}
    - target: {fileID: 1247867299795776161, guid: 9e06f41658853bb40ab733f2303d7417, type: 3}
      propertyPath: m_Tiles.Array.data[20].first.y
      value: 1
      objectReference: {fileID: 0}
    - target: {fileID: 1247867299795776161, guid: 9e06f41658853bb40ab733f2303d7417, type: 3}
      propertyPath: m_Tiles.Array.data[21].first.x
      value: 2
      objectReference: {fileID: 0}
    - target: {fileID: 1247867299795776161, guid: 9e06f41658853bb40ab733f2303d7417, type: 3}
      propertyPath: m_Tiles.Array.data[21].first.y
      value: 1
      objectReference: {fileID: 0}
    - target: {fileID: 1247867299795776161, guid: 9e06f41658853bb40ab733f2303d7417, type: 3}
      propertyPath: m_Tiles.Array.data[22].first.x
      value: 0
      objectReference: {fileID: 0}
    - target: {fileID: 1247867299795776161, guid: 9e06f41658853bb40ab733f2303d7417, type: 3}
      propertyPath: m_Tiles.Array.data[22].first.y
      value: 2
      objectReference: {fileID: 0}
    - target: {fileID: 1247867299795776161, guid: 9e06f41658853bb40ab733f2303d7417, type: 3}
      propertyPath: m_Tiles.Array.data[23].first.x
      value: 1
      objectReference: {fileID: 0}
    - target: {fileID: 1247867299795776161, guid: 9e06f41658853bb40ab733f2303d7417, type: 3}
      propertyPath: m_Tiles.Array.data[23].first.y
      value: 2
      objectReference: {fileID: 0}
    - target: {fileID: 1247867299795776161, guid: 9e06f41658853bb40ab733f2303d7417, type: 3}
      propertyPath: m_Tiles.Array.data[24].first.x
      value: 2
      objectReference: {fileID: 0}
    - target: {fileID: 1247867299795776161, guid: 9e06f41658853bb40ab733f2303d7417, type: 3}
      propertyPath: m_Tiles.Array.data[24].first.y
      value: 2
      objectReference: {fileID: 0}
    - target: {fileID: 1247867299795776161, guid: 9e06f41658853bb40ab733f2303d7417, type: 3}
      propertyPath: m_Tiles.Array.data[25].first.x
      value: 3
      objectReference: {fileID: 0}
    - target: {fileID: 1247867299795776161, guid: 9e06f41658853bb40ab733f2303d7417, type: 3}
      propertyPath: m_Tiles.Array.data[25].first.y
      value: 2
      objectReference: {fileID: 0}
    - target: {fileID: 1247867299795776161, guid: 9e06f41658853bb40ab733f2303d7417, type: 3}
      propertyPath: m_Tiles.Array.data[26].first.x
      value: 1
      objectReference: {fileID: 0}
    - target: {fileID: 1247867299795776161, guid: 9e06f41658853bb40ab733f2303d7417, type: 3}
      propertyPath: m_Tiles.Array.data[26].first.y
      value: 3
      objectReference: {fileID: 0}
    - target: {fileID: 1247867299795776161, guid: 9e06f41658853bb40ab733f2303d7417, type: 3}
      propertyPath: m_Tiles.Array.data[27].first.x
      value: 2
      objectReference: {fileID: 0}
    - target: {fileID: 1247867299795776161, guid: 9e06f41658853bb40ab733f2303d7417, type: 3}
      propertyPath: m_Tiles.Array.data[27].first.y
      value: 3
      objectReference: {fileID: 0}
    - target: {fileID: 1247867299795776161, guid: 9e06f41658853bb40ab733f2303d7417, type: 3}
      propertyPath: m_Tiles.Array.data[28].first.x
      value: 959
      objectReference: {fileID: 0}
    - target: {fileID: 1247867299795776161, guid: 9e06f41658853bb40ab733f2303d7417, type: 3}
      propertyPath: m_Tiles.Array.data[28].first.y
      value: 459
      objectReference: {fileID: 0}
    - target: {fileID: 1247867299795776161, guid: 9e06f41658853bb40ab733f2303d7417, type: 3}
      propertyPath: m_TileAssetArray.Array.data[5].m_Data
      value: 
      objectReference: {fileID: 11400000, guid: 43b2e93596e56444493fa72844456ff3, type: 2}
    - target: {fileID: 1247867299795776161, guid: 9e06f41658853bb40ab733f2303d7417, type: 3}
      propertyPath: m_TileSpriteArray.Array.data[4].m_Data
      value: 
      objectReference: {fileID: 4440278539942010541, guid: edb79fd0aeb84cf42a31389f524a166c, type: 3}
    - target: {fileID: 1247867299795776161, guid: 9e06f41658853bb40ab733f2303d7417, type: 3}
      propertyPath: m_Tiles.Array.data[0].second.m_TileIndex
      value: 5
      objectReference: {fileID: 0}
    - target: {fileID: 1247867299795776161, guid: 9e06f41658853bb40ab733f2303d7417, type: 3}
      propertyPath: m_Tiles.Array.data[1].second.m_TileIndex
      value: 5
      objectReference: {fileID: 0}
    - target: {fileID: 1247867299795776161, guid: 9e06f41658853bb40ab733f2303d7417, type: 3}
      propertyPath: m_Tiles.Array.data[2].second.m_TileIndex
      value: 5
      objectReference: {fileID: 0}
    - target: {fileID: 1247867299795776161, guid: 9e06f41658853bb40ab733f2303d7417, type: 3}
      propertyPath: m_Tiles.Array.data[3].second.m_TileIndex
      value: 5
      objectReference: {fileID: 0}
    - target: {fileID: 1247867299795776161, guid: 9e06f41658853bb40ab733f2303d7417, type: 3}
      propertyPath: m_Tiles.Array.data[4].second.m_TileIndex
      value: 5
      objectReference: {fileID: 0}
    - target: {fileID: 1247867299795776161, guid: 9e06f41658853bb40ab733f2303d7417, type: 3}
      propertyPath: m_Tiles.Array.data[5].second.m_TileIndex
      value: 5
      objectReference: {fileID: 0}
    - target: {fileID: 1247867299795776161, guid: 9e06f41658853bb40ab733f2303d7417, type: 3}
      propertyPath: m_Tiles.Array.data[6].second.m_TileIndex
      value: 5
      objectReference: {fileID: 0}
    - target: {fileID: 1247867299795776161, guid: 9e06f41658853bb40ab733f2303d7417, type: 3}
      propertyPath: m_Tiles.Array.data[7].second.m_TileIndex
      value: 5
      objectReference: {fileID: 0}
    - target: {fileID: 1247867299795776161, guid: 9e06f41658853bb40ab733f2303d7417, type: 3}
      propertyPath: m_Tiles.Array.data[8].second.m_TileIndex
      value: 5
      objectReference: {fileID: 0}
    - target: {fileID: 1247867299795776161, guid: 9e06f41658853bb40ab733f2303d7417, type: 3}
      propertyPath: m_Tiles.Array.data[9].second.m_TileIndex
      value: 5
      objectReference: {fileID: 0}
    - target: {fileID: 1247867299795776161, guid: 9e06f41658853bb40ab733f2303d7417, type: 3}
      propertyPath: m_TileAssetArray.Array.data[5].m_RefCount
      value: 28
      objectReference: {fileID: 0}
    - target: {fileID: 1247867299795776161, guid: 9e06f41658853bb40ab733f2303d7417, type: 3}
      propertyPath: m_TileColorArray.Array.data[0].m_RefCount
      value: 29
      objectReference: {fileID: 0}
    - target: {fileID: 1247867299795776161, guid: 9e06f41658853bb40ab733f2303d7417, type: 3}
      propertyPath: m_Tiles.Array.data[10].second.m_TileIndex
      value: 5
      objectReference: {fileID: 0}
    - target: {fileID: 1247867299795776161, guid: 9e06f41658853bb40ab733f2303d7417, type: 3}
      propertyPath: m_Tiles.Array.data[11].second.m_TileIndex
      value: 5
      objectReference: {fileID: 0}
    - target: {fileID: 1247867299795776161, guid: 9e06f41658853bb40ab733f2303d7417, type: 3}
      propertyPath: m_Tiles.Array.data[12].second.m_TileIndex
      value: 5
      objectReference: {fileID: 0}
    - target: {fileID: 1247867299795776161, guid: 9e06f41658853bb40ab733f2303d7417, type: 3}
      propertyPath: m_Tiles.Array.data[13].second.m_TileIndex
      value: 5
      objectReference: {fileID: 0}
    - target: {fileID: 1247867299795776161, guid: 9e06f41658853bb40ab733f2303d7417, type: 3}
      propertyPath: m_Tiles.Array.data[14].second.m_TileIndex
      value: 5
      objectReference: {fileID: 0}
    - target: {fileID: 1247867299795776161, guid: 9e06f41658853bb40ab733f2303d7417, type: 3}
      propertyPath: m_Tiles.Array.data[15].second.m_TileIndex
      value: 5
      objectReference: {fileID: 0}
    - target: {fileID: 1247867299795776161, guid: 9e06f41658853bb40ab733f2303d7417, type: 3}
      propertyPath: m_Tiles.Array.data[16].second.m_TileIndex
      value: 5
      objectReference: {fileID: 0}
    - target: {fileID: 1247867299795776161, guid: 9e06f41658853bb40ab733f2303d7417, type: 3}
      propertyPath: m_Tiles.Array.data[17].second.m_TileIndex
      value: 5
      objectReference: {fileID: 0}
    - target: {fileID: 1247867299795776161, guid: 9e06f41658853bb40ab733f2303d7417, type: 3}
      propertyPath: m_Tiles.Array.data[18].second.m_TileIndex
      value: 5
      objectReference: {fileID: 0}
    - target: {fileID: 1247867299795776161, guid: 9e06f41658853bb40ab733f2303d7417, type: 3}
      propertyPath: m_Tiles.Array.data[19].second.m_TileIndex
      value: 5
      objectReference: {fileID: 0}
    - target: {fileID: 1247867299795776161, guid: 9e06f41658853bb40ab733f2303d7417, type: 3}
      propertyPath: m_Tiles.Array.data[20].second.m_TileIndex
      value: 5
      objectReference: {fileID: 0}
    - target: {fileID: 1247867299795776161, guid: 9e06f41658853bb40ab733f2303d7417, type: 3}
      propertyPath: m_Tiles.Array.data[21].second.m_TileIndex
      value: 5
      objectReference: {fileID: 0}
    - target: {fileID: 1247867299795776161, guid: 9e06f41658853bb40ab733f2303d7417, type: 3}
      propertyPath: m_Tiles.Array.data[22].second.m_TileIndex
      value: 5
      objectReference: {fileID: 0}
    - target: {fileID: 1247867299795776161, guid: 9e06f41658853bb40ab733f2303d7417, type: 3}
      propertyPath: m_Tiles.Array.data[23].second.m_TileIndex
      value: 5
      objectReference: {fileID: 0}
    - target: {fileID: 1247867299795776161, guid: 9e06f41658853bb40ab733f2303d7417, type: 3}
      propertyPath: m_Tiles.Array.data[24].second.m_TileIndex
      value: 5
      objectReference: {fileID: 0}
    - target: {fileID: 1247867299795776161, guid: 9e06f41658853bb40ab733f2303d7417, type: 3}
      propertyPath: m_Tiles.Array.data[25].second.m_TileIndex
      value: 5
      objectReference: {fileID: 0}
    - target: {fileID: 1247867299795776161, guid: 9e06f41658853bb40ab733f2303d7417, type: 3}
      propertyPath: m_Tiles.Array.data[26].second.m_TileIndex
      value: 5
      objectReference: {fileID: 0}
    - target: {fileID: 1247867299795776161, guid: 9e06f41658853bb40ab733f2303d7417, type: 3}
      propertyPath: m_Tiles.Array.data[27].second.m_TileIndex
      value: 5
      objectReference: {fileID: 0}
    - target: {fileID: 1247867299795776161, guid: 9e06f41658853bb40ab733f2303d7417, type: 3}
      propertyPath: m_TileMatrixArray.Array.data[0].m_RefCount
      value: 29
      objectReference: {fileID: 0}
    - target: {fileID: 1247867299795776161, guid: 9e06f41658853bb40ab733f2303d7417, type: 3}
      propertyPath: m_TileSpriteArray.Array.data[4].m_RefCount
      value: 28
      objectReference: {fileID: 0}
    - target: {fileID: 1247867299795776161, guid: 9e06f41658853bb40ab733f2303d7417, type: 3}
      propertyPath: m_Tiles.Array.data[1].second.m_AllTileFlags
      value: 1073741825
      objectReference: {fileID: 0}
    - target: {fileID: 1247867299795776161, guid: 9e06f41658853bb40ab733f2303d7417, type: 3}
      propertyPath: m_Tiles.Array.data[2].second.m_AllTileFlags
      value: 1073741825
      objectReference: {fileID: 0}
    - target: {fileID: 1247867299795776161, guid: 9e06f41658853bb40ab733f2303d7417, type: 3}
      propertyPath: m_Tiles.Array.data[3].second.m_AllTileFlags
      value: 1073741825
      objectReference: {fileID: 0}
    - target: {fileID: 1247867299795776161, guid: 9e06f41658853bb40ab733f2303d7417, type: 3}
      propertyPath: m_Tiles.Array.data[4].second.m_AllTileFlags
      value: 1073741825
      objectReference: {fileID: 0}
    - target: {fileID: 1247867299795776161, guid: 9e06f41658853bb40ab733f2303d7417, type: 3}
      propertyPath: m_Tiles.Array.data[5].second.m_AllTileFlags
      value: 1073741825
      objectReference: {fileID: 0}
    - target: {fileID: 1247867299795776161, guid: 9e06f41658853bb40ab733f2303d7417, type: 3}
      propertyPath: m_Tiles.Array.data[6].second.m_AllTileFlags
      value: 1073741825
      objectReference: {fileID: 0}
    - target: {fileID: 1247867299795776161, guid: 9e06f41658853bb40ab733f2303d7417, type: 3}
      propertyPath: m_Tiles.Array.data[7].second.m_AllTileFlags
      value: 1073741825
      objectReference: {fileID: 0}
    - target: {fileID: 1247867299795776161, guid: 9e06f41658853bb40ab733f2303d7417, type: 3}
      propertyPath: m_Tiles.Array.data[8].second.m_AllTileFlags
      value: 1073741825
      objectReference: {fileID: 0}
    - target: {fileID: 1247867299795776161, guid: 9e06f41658853bb40ab733f2303d7417, type: 3}
      propertyPath: m_Tiles.Array.data[9].second.m_AllTileFlags
      value: 1073741825
      objectReference: {fileID: 0}
    - target: {fileID: 1247867299795776161, guid: 9e06f41658853bb40ab733f2303d7417, type: 3}
      propertyPath: m_Tiles.Array.data[10].second.m_AllTileFlags
      value: 1073741825
      objectReference: {fileID: 0}
    - target: {fileID: 1247867299795776161, guid: 9e06f41658853bb40ab733f2303d7417, type: 3}
      propertyPath: m_Tiles.Array.data[11].second.m_AllTileFlags
      value: 1073741825
      objectReference: {fileID: 0}
    - target: {fileID: 1247867299795776161, guid: 9e06f41658853bb40ab733f2303d7417, type: 3}
      propertyPath: m_Tiles.Array.data[12].second.m_AllTileFlags
      value: 1073741825
      objectReference: {fileID: 0}
    - target: {fileID: 1247867299795776161, guid: 9e06f41658853bb40ab733f2303d7417, type: 3}
      propertyPath: m_Tiles.Array.data[13].second.m_AllTileFlags
      value: 1073741825
      objectReference: {fileID: 0}
    - target: {fileID: 1247867299795776161, guid: 9e06f41658853bb40ab733f2303d7417, type: 3}
      propertyPath: m_Tiles.Array.data[14].second.m_AllTileFlags
      value: 1073741825
      objectReference: {fileID: 0}
    - target: {fileID: 1247867299795776161, guid: 9e06f41658853bb40ab733f2303d7417, type: 3}
      propertyPath: m_Tiles.Array.data[15].second.m_AllTileFlags
      value: 1073741825
      objectReference: {fileID: 0}
    - target: {fileID: 1247867299795776161, guid: 9e06f41658853bb40ab733f2303d7417, type: 3}
      propertyPath: m_Tiles.Array.data[16].second.m_AllTileFlags
      value: 1073741825
      objectReference: {fileID: 0}
    - target: {fileID: 1247867299795776161, guid: 9e06f41658853bb40ab733f2303d7417, type: 3}
      propertyPath: m_Tiles.Array.data[17].second.m_AllTileFlags
      value: 1073741825
      objectReference: {fileID: 0}
    - target: {fileID: 1247867299795776161, guid: 9e06f41658853bb40ab733f2303d7417, type: 3}
      propertyPath: m_Tiles.Array.data[18].second.m_AllTileFlags
      value: 1073741825
      objectReference: {fileID: 0}
    - target: {fileID: 1247867299795776161, guid: 9e06f41658853bb40ab733f2303d7417, type: 3}
      propertyPath: m_Tiles.Array.data[19].second.m_AllTileFlags
      value: 1073741825
      objectReference: {fileID: 0}
    - target: {fileID: 1247867299795776161, guid: 9e06f41658853bb40ab733f2303d7417, type: 3}
      propertyPath: m_Tiles.Array.data[20].second.m_AllTileFlags
      value: 1073741825
      objectReference: {fileID: 0}
    - target: {fileID: 1247867299795776161, guid: 9e06f41658853bb40ab733f2303d7417, type: 3}
      propertyPath: m_Tiles.Array.data[21].second.m_AllTileFlags
      value: 1073741825
      objectReference: {fileID: 0}
    - target: {fileID: 1247867299795776161, guid: 9e06f41658853bb40ab733f2303d7417, type: 3}
      propertyPath: m_Tiles.Array.data[22].second.m_AllTileFlags
      value: 1073741825
      objectReference: {fileID: 0}
    - target: {fileID: 1247867299795776161, guid: 9e06f41658853bb40ab733f2303d7417, type: 3}
      propertyPath: m_Tiles.Array.data[23].second.m_AllTileFlags
      value: 1073741825
      objectReference: {fileID: 0}
    - target: {fileID: 1247867299795776161, guid: 9e06f41658853bb40ab733f2303d7417, type: 3}
      propertyPath: m_Tiles.Array.data[24].second.m_AllTileFlags
      value: 1073741825
      objectReference: {fileID: 0}
    - target: {fileID: 1247867299795776161, guid: 9e06f41658853bb40ab733f2303d7417, type: 3}
      propertyPath: m_Tiles.Array.data[25].second.m_AllTileFlags
      value: 1073741825
      objectReference: {fileID: 0}
    - target: {fileID: 1247867299795776161, guid: 9e06f41658853bb40ab733f2303d7417, type: 3}
      propertyPath: m_Tiles.Array.data[26].second.m_AllTileFlags
      value: 1073741825
      objectReference: {fileID: 0}
    - target: {fileID: 1247867299795776161, guid: 9e06f41658853bb40ab733f2303d7417, type: 3}
      propertyPath: m_Tiles.Array.data[27].second.m_AllTileFlags
      value: 1073741825
      objectReference: {fileID: 0}
    - target: {fileID: 1247867299795776161, guid: 9e06f41658853bb40ab733f2303d7417, type: 3}
      propertyPath: m_Tiles.Array.data[28].second.m_AllTileFlags
      value: 1073741825
      objectReference: {fileID: 0}
    - target: {fileID: 1247867299795776161, guid: 9e06f41658853bb40ab733f2303d7417, type: 3}
      propertyPath: m_Tiles.Array.data[0].second.m_TileSpriteIndex
      value: 4
      objectReference: {fileID: 0}
    - target: {fileID: 1247867299795776161, guid: 9e06f41658853bb40ab733f2303d7417, type: 3}
      propertyPath: m_Tiles.Array.data[1].second.m_TileSpriteIndex
      value: 4
      objectReference: {fileID: 0}
    - target: {fileID: 1247867299795776161, guid: 9e06f41658853bb40ab733f2303d7417, type: 3}
      propertyPath: m_Tiles.Array.data[2].second.m_TileSpriteIndex
      value: 4
      objectReference: {fileID: 0}
    - target: {fileID: 1247867299795776161, guid: 9e06f41658853bb40ab733f2303d7417, type: 3}
      propertyPath: m_Tiles.Array.data[3].second.m_TileSpriteIndex
      value: 4
      objectReference: {fileID: 0}
    - target: {fileID: 1247867299795776161, guid: 9e06f41658853bb40ab733f2303d7417, type: 3}
      propertyPath: m_Tiles.Array.data[4].second.m_TileSpriteIndex
      value: 4
      objectReference: {fileID: 0}
    - target: {fileID: 1247867299795776161, guid: 9e06f41658853bb40ab733f2303d7417, type: 3}
      propertyPath: m_Tiles.Array.data[5].second.m_TileSpriteIndex
      value: 4
      objectReference: {fileID: 0}
    - target: {fileID: 1247867299795776161, guid: 9e06f41658853bb40ab733f2303d7417, type: 3}
      propertyPath: m_Tiles.Array.data[6].second.m_TileSpriteIndex
      value: 4
      objectReference: {fileID: 0}
    - target: {fileID: 1247867299795776161, guid: 9e06f41658853bb40ab733f2303d7417, type: 3}
      propertyPath: m_Tiles.Array.data[7].second.m_TileSpriteIndex
      value: 4
      objectReference: {fileID: 0}
    - target: {fileID: 1247867299795776161, guid: 9e06f41658853bb40ab733f2303d7417, type: 3}
      propertyPath: m_Tiles.Array.data[8].second.m_TileSpriteIndex
      value: 4
      objectReference: {fileID: 0}
    - target: {fileID: 1247867299795776161, guid: 9e06f41658853bb40ab733f2303d7417, type: 3}
      propertyPath: m_Tiles.Array.data[9].second.m_TileSpriteIndex
      value: 4
      objectReference: {fileID: 0}
    - target: {fileID: 1247867299795776161, guid: 9e06f41658853bb40ab733f2303d7417, type: 3}
      propertyPath: m_Tiles.Array.data[10].second.m_TileSpriteIndex
      value: 4
      objectReference: {fileID: 0}
    - target: {fileID: 1247867299795776161, guid: 9e06f41658853bb40ab733f2303d7417, type: 3}
      propertyPath: m_Tiles.Array.data[11].second.m_TileSpriteIndex
      value: 4
      objectReference: {fileID: 0}
    - target: {fileID: 1247867299795776161, guid: 9e06f41658853bb40ab733f2303d7417, type: 3}
      propertyPath: m_Tiles.Array.data[12].second.m_TileSpriteIndex
      value: 4
      objectReference: {fileID: 0}
    - target: {fileID: 1247867299795776161, guid: 9e06f41658853bb40ab733f2303d7417, type: 3}
      propertyPath: m_Tiles.Array.data[13].second.m_TileSpriteIndex
      value: 4
      objectReference: {fileID: 0}
    - target: {fileID: 1247867299795776161, guid: 9e06f41658853bb40ab733f2303d7417, type: 3}
      propertyPath: m_Tiles.Array.data[14].second.m_TileSpriteIndex
      value: 4
      objectReference: {fileID: 0}
    - target: {fileID: 1247867299795776161, guid: 9e06f41658853bb40ab733f2303d7417, type: 3}
      propertyPath: m_Tiles.Array.data[15].second.m_TileSpriteIndex
      value: 4
      objectReference: {fileID: 0}
    - target: {fileID: 1247867299795776161, guid: 9e06f41658853bb40ab733f2303d7417, type: 3}
      propertyPath: m_Tiles.Array.data[16].second.m_TileSpriteIndex
      value: 4
      objectReference: {fileID: 0}
    - target: {fileID: 1247867299795776161, guid: 9e06f41658853bb40ab733f2303d7417, type: 3}
      propertyPath: m_Tiles.Array.data[17].second.m_TileSpriteIndex
      value: 4
      objectReference: {fileID: 0}
    - target: {fileID: 1247867299795776161, guid: 9e06f41658853bb40ab733f2303d7417, type: 3}
      propertyPath: m_Tiles.Array.data[18].second.m_TileSpriteIndex
      value: 4
      objectReference: {fileID: 0}
    - target: {fileID: 1247867299795776161, guid: 9e06f41658853bb40ab733f2303d7417, type: 3}
      propertyPath: m_Tiles.Array.data[19].second.m_TileSpriteIndex
      value: 4
      objectReference: {fileID: 0}
    - target: {fileID: 1247867299795776161, guid: 9e06f41658853bb40ab733f2303d7417, type: 3}
      propertyPath: m_Tiles.Array.data[20].second.m_TileSpriteIndex
      value: 4
      objectReference: {fileID: 0}
    - target: {fileID: 1247867299795776161, guid: 9e06f41658853bb40ab733f2303d7417, type: 3}
      propertyPath: m_Tiles.Array.data[21].second.m_TileSpriteIndex
      value: 4
      objectReference: {fileID: 0}
    - target: {fileID: 1247867299795776161, guid: 9e06f41658853bb40ab733f2303d7417, type: 3}
      propertyPath: m_Tiles.Array.data[22].second.m_TileSpriteIndex
      value: 4
      objectReference: {fileID: 0}
    - target: {fileID: 1247867299795776161, guid: 9e06f41658853bb40ab733f2303d7417, type: 3}
      propertyPath: m_Tiles.Array.data[23].second.m_TileSpriteIndex
      value: 4
      objectReference: {fileID: 0}
    - target: {fileID: 1247867299795776161, guid: 9e06f41658853bb40ab733f2303d7417, type: 3}
      propertyPath: m_Tiles.Array.data[24].second.m_TileSpriteIndex
      value: 4
      objectReference: {fileID: 0}
    - target: {fileID: 1247867299795776161, guid: 9e06f41658853bb40ab733f2303d7417, type: 3}
      propertyPath: m_Tiles.Array.data[25].second.m_TileSpriteIndex
      value: 4
      objectReference: {fileID: 0}
    - target: {fileID: 1247867299795776161, guid: 9e06f41658853bb40ab733f2303d7417, type: 3}
      propertyPath: m_Tiles.Array.data[26].second.m_TileSpriteIndex
      value: 4
      objectReference: {fileID: 0}
    - target: {fileID: 1247867299795776161, guid: 9e06f41658853bb40ab733f2303d7417, type: 3}
      propertyPath: m_Tiles.Array.data[27].second.m_TileSpriteIndex
      value: 4
      objectReference: {fileID: 0}
    - target: {fileID: 1247867299795776161, guid: 9e06f41658853bb40ab733f2303d7417, type: 3}
      propertyPath: m_Tiles.Array.data[28].second.m_TileSpriteIndex
      value: 5
      objectReference: {fileID: 0}
    - target: {fileID: 1247867299795776161, guid: 9e06f41658853bb40ab733f2303d7417, type: 3}
      propertyPath: m_Tiles.Array.data[1].second.m_TileObjectToInstantiateIndex
      value: 65535
      objectReference: {fileID: 0}
    - target: {fileID: 1247867299795776161, guid: 9e06f41658853bb40ab733f2303d7417, type: 3}
      propertyPath: m_Tiles.Array.data[2].second.m_TileObjectToInstantiateIndex
      value: 65535
      objectReference: {fileID: 0}
    - target: {fileID: 1247867299795776161, guid: 9e06f41658853bb40ab733f2303d7417, type: 3}
      propertyPath: m_Tiles.Array.data[3].second.m_TileObjectToInstantiateIndex
      value: 65535
      objectReference: {fileID: 0}
    - target: {fileID: 1247867299795776161, guid: 9e06f41658853bb40ab733f2303d7417, type: 3}
      propertyPath: m_Tiles.Array.data[4].second.m_TileObjectToInstantiateIndex
      value: 65535
      objectReference: {fileID: 0}
    - target: {fileID: 1247867299795776161, guid: 9e06f41658853bb40ab733f2303d7417, type: 3}
      propertyPath: m_Tiles.Array.data[5].second.m_TileObjectToInstantiateIndex
      value: 65535
      objectReference: {fileID: 0}
    - target: {fileID: 1247867299795776161, guid: 9e06f41658853bb40ab733f2303d7417, type: 3}
      propertyPath: m_Tiles.Array.data[6].second.m_TileObjectToInstantiateIndex
      value: 65535
      objectReference: {fileID: 0}
    - target: {fileID: 1247867299795776161, guid: 9e06f41658853bb40ab733f2303d7417, type: 3}
      propertyPath: m_Tiles.Array.data[7].second.m_TileObjectToInstantiateIndex
      value: 65535
      objectReference: {fileID: 0}
    - target: {fileID: 1247867299795776161, guid: 9e06f41658853bb40ab733f2303d7417, type: 3}
      propertyPath: m_Tiles.Array.data[8].second.m_TileObjectToInstantiateIndex
      value: 65535
      objectReference: {fileID: 0}
    - target: {fileID: 1247867299795776161, guid: 9e06f41658853bb40ab733f2303d7417, type: 3}
      propertyPath: m_Tiles.Array.data[9].second.m_TileObjectToInstantiateIndex
      value: 65535
      objectReference: {fileID: 0}
    - target: {fileID: 1247867299795776161, guid: 9e06f41658853bb40ab733f2303d7417, type: 3}
      propertyPath: m_Tiles.Array.data[10].second.m_TileObjectToInstantiateIndex
      value: 65535
      objectReference: {fileID: 0}
    - target: {fileID: 1247867299795776161, guid: 9e06f41658853bb40ab733f2303d7417, type: 3}
      propertyPath: m_Tiles.Array.data[11].second.m_TileObjectToInstantiateIndex
      value: 65535
      objectReference: {fileID: 0}
    - target: {fileID: 1247867299795776161, guid: 9e06f41658853bb40ab733f2303d7417, type: 3}
      propertyPath: m_Tiles.Array.data[12].second.m_TileObjectToInstantiateIndex
      value: 65535
      objectReference: {fileID: 0}
    - target: {fileID: 1247867299795776161, guid: 9e06f41658853bb40ab733f2303d7417, type: 3}
      propertyPath: m_Tiles.Array.data[13].second.m_TileObjectToInstantiateIndex
      value: 65535
      objectReference: {fileID: 0}
    - target: {fileID: 1247867299795776161, guid: 9e06f41658853bb40ab733f2303d7417, type: 3}
      propertyPath: m_Tiles.Array.data[14].second.m_TileObjectToInstantiateIndex
      value: 65535
      objectReference: {fileID: 0}
    - target: {fileID: 1247867299795776161, guid: 9e06f41658853bb40ab733f2303d7417, type: 3}
      propertyPath: m_Tiles.Array.data[15].second.m_TileObjectToInstantiateIndex
      value: 65535
      objectReference: {fileID: 0}
    - target: {fileID: 1247867299795776161, guid: 9e06f41658853bb40ab733f2303d7417, type: 3}
      propertyPath: m_Tiles.Array.data[16].second.m_TileObjectToInstantiateIndex
      value: 65535
      objectReference: {fileID: 0}
    - target: {fileID: 1247867299795776161, guid: 9e06f41658853bb40ab733f2303d7417, type: 3}
      propertyPath: m_Tiles.Array.data[17].second.m_TileObjectToInstantiateIndex
      value: 65535
      objectReference: {fileID: 0}
    - target: {fileID: 1247867299795776161, guid: 9e06f41658853bb40ab733f2303d7417, type: 3}
      propertyPath: m_Tiles.Array.data[18].second.m_TileObjectToInstantiateIndex
      value: 65535
      objectReference: {fileID: 0}
    - target: {fileID: 1247867299795776161, guid: 9e06f41658853bb40ab733f2303d7417, type: 3}
      propertyPath: m_Tiles.Array.data[19].second.m_TileObjectToInstantiateIndex
      value: 65535
      objectReference: {fileID: 0}
    - target: {fileID: 1247867299795776161, guid: 9e06f41658853bb40ab733f2303d7417, type: 3}
      propertyPath: m_Tiles.Array.data[20].second.m_TileObjectToInstantiateIndex
      value: 65535
      objectReference: {fileID: 0}
    - target: {fileID: 1247867299795776161, guid: 9e06f41658853bb40ab733f2303d7417, type: 3}
      propertyPath: m_Tiles.Array.data[21].second.m_TileObjectToInstantiateIndex
      value: 65535
      objectReference: {fileID: 0}
    - target: {fileID: 1247867299795776161, guid: 9e06f41658853bb40ab733f2303d7417, type: 3}
      propertyPath: m_Tiles.Array.data[22].second.m_TileObjectToInstantiateIndex
      value: 65535
      objectReference: {fileID: 0}
    - target: {fileID: 1247867299795776161, guid: 9e06f41658853bb40ab733f2303d7417, type: 3}
      propertyPath: m_Tiles.Array.data[23].second.m_TileObjectToInstantiateIndex
      value: 65535
      objectReference: {fileID: 0}
    - target: {fileID: 1247867299795776161, guid: 9e06f41658853bb40ab733f2303d7417, type: 3}
      propertyPath: m_Tiles.Array.data[24].second.m_TileObjectToInstantiateIndex
      value: 65535
      objectReference: {fileID: 0}
    - target: {fileID: 1247867299795776161, guid: 9e06f41658853bb40ab733f2303d7417, type: 3}
      propertyPath: m_Tiles.Array.data[25].second.m_TileObjectToInstantiateIndex
      value: 65535
      objectReference: {fileID: 0}
    - target: {fileID: 1247867299795776161, guid: 9e06f41658853bb40ab733f2303d7417, type: 3}
      propertyPath: m_Tiles.Array.data[26].second.m_TileObjectToInstantiateIndex
      value: 65535
      objectReference: {fileID: 0}
    - target: {fileID: 1247867299795776161, guid: 9e06f41658853bb40ab733f2303d7417, type: 3}
      propertyPath: m_Tiles.Array.data[27].second.m_TileObjectToInstantiateIndex
      value: 65535
      objectReference: {fileID: 0}
    - target: {fileID: 1247867299795776161, guid: 9e06f41658853bb40ab733f2303d7417, type: 3}
      propertyPath: m_Tiles.Array.data[28].second.m_TileObjectToInstantiateIndex
      value: 65535
      objectReference: {fileID: 0}
    - target: {fileID: 1247867300838326499, guid: 9e06f41658853bb40ab733f2303d7417, type: 3}
      propertyPath: m_RootOrder
      value: 3
      objectReference: {fileID: 0}
    - target: {fileID: 1247867300838326499, guid: 9e06f41658853bb40ab733f2303d7417, type: 3}
      propertyPath: m_LocalPosition.x
      value: 0
      objectReference: {fileID: 0}
    - target: {fileID: 1247867300838326499, guid: 9e06f41658853bb40ab733f2303d7417, type: 3}
      propertyPath: m_LocalPosition.y
      value: 0
      objectReference: {fileID: 0}
    - target: {fileID: 1247867300838326499, guid: 9e06f41658853bb40ab733f2303d7417, type: 3}
      propertyPath: m_LocalPosition.z
      value: 0
      objectReference: {fileID: 0}
    - target: {fileID: 1247867300838326499, guid: 9e06f41658853bb40ab733f2303d7417, type: 3}
      propertyPath: m_LocalRotation.w
      value: 1
      objectReference: {fileID: 0}
    - target: {fileID: 1247867300838326499, guid: 9e06f41658853bb40ab733f2303d7417, type: 3}
      propertyPath: m_LocalRotation.x
      value: 0
      objectReference: {fileID: 0}
    - target: {fileID: 1247867300838326499, guid: 9e06f41658853bb40ab733f2303d7417, type: 3}
      propertyPath: m_LocalRotation.y
      value: 0
      objectReference: {fileID: 0}
    - target: {fileID: 1247867300838326499, guid: 9e06f41658853bb40ab733f2303d7417, type: 3}
      propertyPath: m_LocalRotation.z
      value: 0
      objectReference: {fileID: 0}
    - target: {fileID: 1247867300838326499, guid: 9e06f41658853bb40ab733f2303d7417, type: 3}
      propertyPath: m_LocalEulerAnglesHint.x
      value: 0
      objectReference: {fileID: 0}
    - target: {fileID: 1247867300838326499, guid: 9e06f41658853bb40ab733f2303d7417, type: 3}
      propertyPath: m_LocalEulerAnglesHint.y
      value: 0
      objectReference: {fileID: 0}
    - target: {fileID: 1247867300838326499, guid: 9e06f41658853bb40ab733f2303d7417, type: 3}
      propertyPath: m_LocalEulerAnglesHint.z
      value: 0
      objectReference: {fileID: 0}
    - target: {fileID: 1247867300838326501, guid: 9e06f41658853bb40ab733f2303d7417, type: 3}
      propertyPath: m_Name
      value: Grid
      objectReference: {fileID: 0}
    m_RemovedComponents: []
  m_SourcePrefab: {fileID: 100100000, guid: 9e06f41658853bb40ab733f2303d7417, type: 3}
--- !u!4 &1762658987 stripped
Transform:
  m_CorrespondingSourceObject: {fileID: 1247867299795776163, guid: 9e06f41658853bb40ab733f2303d7417, type: 3}
  m_PrefabInstance: {fileID: 1762658986}
  m_PrefabAsset: {fileID: 0}
--- !u!1001 &1841123451
PrefabInstance:
  m_ObjectHideFlags: 0
  serializedVersion: 2
  m_Modification:
    m_TransformParent: {fileID: 1762658987}
    m_Modifications:
    - target: {fileID: 5709544604215480239, guid: 654b507f5162ab44abc11c7718275d8e, type: 3}
      propertyPath: m_RootOrder
      value: 4
      objectReference: {fileID: 0}
    - target: {fileID: 5709544604215480239, guid: 654b507f5162ab44abc11c7718275d8e, type: 3}
      propertyPath: m_LocalPosition.x
      value: 0.75
      objectReference: {fileID: 0}
    - target: {fileID: 5709544604215480239, guid: 654b507f5162ab44abc11c7718275d8e, type: 3}
      propertyPath: m_LocalPosition.y
      value: 1.2989649
      objectReference: {fileID: 0}
    - target: {fileID: 5709544604215480239, guid: 654b507f5162ab44abc11c7718275d8e, type: 3}
      propertyPath: m_LocalPosition.z
      value: 0
      objectReference: {fileID: 0}
    - target: {fileID: 5709544604215480239, guid: 654b507f5162ab44abc11c7718275d8e, type: 3}
      propertyPath: m_LocalRotation.w
      value: 1
      objectReference: {fileID: 0}
    - target: {fileID: 5709544604215480239, guid: 654b507f5162ab44abc11c7718275d8e, type: 3}
      propertyPath: m_LocalRotation.x
      value: 0
      objectReference: {fileID: 0}
    - target: {fileID: 5709544604215480239, guid: 654b507f5162ab44abc11c7718275d8e, type: 3}
      propertyPath: m_LocalRotation.y
      value: 0
      objectReference: {fileID: 0}
    - target: {fileID: 5709544604215480239, guid: 654b507f5162ab44abc11c7718275d8e, type: 3}
      propertyPath: m_LocalRotation.z
      value: 0
      objectReference: {fileID: 0}
    - target: {fileID: 5709544604215480239, guid: 654b507f5162ab44abc11c7718275d8e, type: 3}
      propertyPath: m_LocalEulerAnglesHint.x
      value: 0
      objectReference: {fileID: 0}
    - target: {fileID: 5709544604215480239, guid: 654b507f5162ab44abc11c7718275d8e, type: 3}
      propertyPath: m_LocalEulerAnglesHint.y
      value: 0
      objectReference: {fileID: 0}
    - target: {fileID: 5709544604215480239, guid: 654b507f5162ab44abc11c7718275d8e, type: 3}
      propertyPath: m_LocalEulerAnglesHint.z
      value: 0
      objectReference: {fileID: 0}
    - target: {fileID: 6680507431006424322, guid: 654b507f5162ab44abc11c7718275d8e, type: 3}
      propertyPath: m_Name
      value: PuntosExtra
      objectReference: {fileID: 0}
    m_RemovedComponents: []
  m_SourcePrefab: {fileID: 100100000, guid: 654b507f5162ab44abc11c7718275d8e, type: 3}
--- !u!156049354 &1884376547 stripped
Grid:
  m_CorrespondingSourceObject: {fileID: 1247867300838326498, guid: 9e06f41658853bb40ab733f2303d7417, type: 3}
  m_PrefabInstance: {fileID: 1762658986}
  m_PrefabAsset: {fileID: 0}
--- !u!1001 &1928758058
PrefabInstance:
  m_ObjectHideFlags: 0
  serializedVersion: 2
  m_Modification:
    m_TransformParent: {fileID: 0}
    m_Modifications:
    - target: {fileID: 1524749883034767834, guid: 476c62048af076d419ec19ddecd32180, type: 3}
      propertyPath: m_OnClick.m_PersistentCalls.m_Calls.Array.data[0].m_Target
      value: 
      objectReference: {fileID: 1015104862}
    - target: {fileID: 1524749883034767834, guid: 476c62048af076d419ec19ddecd32180, type: 3}
      propertyPath: m_OnClick.m_PersistentCalls.m_Calls.Array.data[0].m_MethodName
      value: PausarNivel
      objectReference: {fileID: 0}
    - target: {fileID: 1524749883034767834, guid: 476c62048af076d419ec19ddecd32180, type: 3}
      propertyPath: m_OnClick.m_PersistentCalls.m_Calls.Array.data[0].m_TargetAssemblyTypeName
      value: LevelManager, Assembly-CSharp
      objectReference: {fileID: 0}
    - target: {fileID: 1524749883034767834, guid: 476c62048af076d419ec19ddecd32180, type: 3}
      propertyPath: m_OnClick.m_PersistentCalls.m_Calls.Array.data[0].m_Arguments.m_ObjectArgumentAssemblyTypeName
      value: UnityEngine.Object, UnityEngine
      objectReference: {fileID: 0}
    - target: {fileID: 3353962593320262569, guid: 476c62048af076d419ec19ddecd32180, type: 3}
      propertyPath: m_Name
      value: Canvas
      objectReference: {fileID: 0}
    - target: {fileID: 3353962593320262573, guid: 476c62048af076d419ec19ddecd32180, type: 3}
      propertyPath: m_Pivot.x
      value: 0
      objectReference: {fileID: 0}
    - target: {fileID: 3353962593320262573, guid: 476c62048af076d419ec19ddecd32180, type: 3}
      propertyPath: m_Pivot.y
      value: 0
      objectReference: {fileID: 0}
    - target: {fileID: 3353962593320262573, guid: 476c62048af076d419ec19ddecd32180, type: 3}
      propertyPath: m_RootOrder
      value: 8
      objectReference: {fileID: 0}
    - target: {fileID: 3353962593320262573, guid: 476c62048af076d419ec19ddecd32180, type: 3}
      propertyPath: m_AnchorMax.x
      value: 0
      objectReference: {fileID: 0}
    - target: {fileID: 3353962593320262573, guid: 476c62048af076d419ec19ddecd32180, type: 3}
      propertyPath: m_AnchorMax.y
      value: 0
      objectReference: {fileID: 0}
    - target: {fileID: 3353962593320262573, guid: 476c62048af076d419ec19ddecd32180, type: 3}
      propertyPath: m_AnchorMin.x
      value: 0
      objectReference: {fileID: 0}
    - target: {fileID: 3353962593320262573, guid: 476c62048af076d419ec19ddecd32180, type: 3}
      propertyPath: m_AnchorMin.y
      value: 0
      objectReference: {fileID: 0}
    - target: {fileID: 3353962593320262573, guid: 476c62048af076d419ec19ddecd32180, type: 3}
      propertyPath: m_SizeDelta.x
      value: 0
      objectReference: {fileID: 0}
    - target: {fileID: 3353962593320262573, guid: 476c62048af076d419ec19ddecd32180, type: 3}
      propertyPath: m_SizeDelta.y
      value: 0
      objectReference: {fileID: 0}
    - target: {fileID: 3353962593320262573, guid: 476c62048af076d419ec19ddecd32180, type: 3}
      propertyPath: m_LocalPosition.x
      value: 0
      objectReference: {fileID: 0}
    - target: {fileID: 3353962593320262573, guid: 476c62048af076d419ec19ddecd32180, type: 3}
      propertyPath: m_LocalPosition.y
      value: 0
      objectReference: {fileID: 0}
    - target: {fileID: 3353962593320262573, guid: 476c62048af076d419ec19ddecd32180, type: 3}
      propertyPath: m_LocalPosition.z
      value: 0
      objectReference: {fileID: 0}
    - target: {fileID: 3353962593320262573, guid: 476c62048af076d419ec19ddecd32180, type: 3}
      propertyPath: m_LocalRotation.w
      value: 1
      objectReference: {fileID: 0}
    - target: {fileID: 3353962593320262573, guid: 476c62048af076d419ec19ddecd32180, type: 3}
      propertyPath: m_LocalRotation.x
      value: 0
      objectReference: {fileID: 0}
    - target: {fileID: 3353962593320262573, guid: 476c62048af076d419ec19ddecd32180, type: 3}
      propertyPath: m_LocalRotation.y
      value: 0
      objectReference: {fileID: 0}
    - target: {fileID: 3353962593320262573, guid: 476c62048af076d419ec19ddecd32180, type: 3}
      propertyPath: m_LocalRotation.z
      value: 0
      objectReference: {fileID: 0}
    - target: {fileID: 3353962593320262573, guid: 476c62048af076d419ec19ddecd32180, type: 3}
      propertyPath: m_AnchoredPosition.x
      value: 0
      objectReference: {fileID: 0}
    - target: {fileID: 3353962593320262573, guid: 476c62048af076d419ec19ddecd32180, type: 3}
      propertyPath: m_AnchoredPosition.y
      value: 0
      objectReference: {fileID: 0}
    - target: {fileID: 3353962593320262573, guid: 476c62048af076d419ec19ddecd32180, type: 3}
      propertyPath: m_LocalEulerAnglesHint.x
      value: 0
      objectReference: {fileID: 0}
    - target: {fileID: 3353962593320262573, guid: 476c62048af076d419ec19ddecd32180, type: 3}
      propertyPath: m_LocalEulerAnglesHint.y
      value: 0
      objectReference: {fileID: 0}
    - target: {fileID: 3353962593320262573, guid: 476c62048af076d419ec19ddecd32180, type: 3}
      propertyPath: m_LocalEulerAnglesHint.z
      value: 0
      objectReference: {fileID: 0}
    m_RemovedComponents: []
  m_SourcePrefab: {fileID: 100100000, guid: 476c62048af076d419ec19ddecd32180, type: 3}
--- !u!223 &1928758059 stripped
Canvas:
  m_CorrespondingSourceObject: {fileID: 3353962593320262574, guid: 476c62048af076d419ec19ddecd32180, type: 3}
  m_PrefabInstance: {fileID: 1928758058}
  m_PrefabAsset: {fileID: 0}
--- !u!114 &1928758060 stripped
MonoBehaviour:
  m_CorrespondingSourceObject: {fileID: 8117036338205772432, guid: 476c62048af076d419ec19ddecd32180, type: 3}
  m_PrefabInstance: {fileID: 1928758058}
  m_PrefabAsset: {fileID: 0}
  m_GameObject: {fileID: 0}
  m_Enabled: 1
  m_EditorHideFlags: 0
  m_Script: {fileID: 11500000, guid: 5f7201a12d95ffc409449d95f23cf332, type: 3}
  m_Name: 
  m_EditorClassIdentifier: 
--- !u!114 &1928758061 stripped
MonoBehaviour:
  m_CorrespondingSourceObject: {fileID: 7771306815596022329, guid: 476c62048af076d419ec19ddecd32180, type: 3}
  m_PrefabInstance: {fileID: 1928758058}
  m_PrefabAsset: {fileID: 0}
  m_GameObject: {fileID: 0}
  m_Enabled: 1
  m_EditorHideFlags: 0
  m_Script: {fileID: 11500000, guid: 5f7201a12d95ffc409449d95f23cf332, type: 3}
  m_Name: 
  m_EditorClassIdentifier: 
--- !u!114 &1928758062 stripped
MonoBehaviour:
  m_CorrespondingSourceObject: {fileID: 5231909367353774414, guid: 476c62048af076d419ec19ddecd32180, type: 3}
  m_PrefabInstance: {fileID: 1928758058}
  m_PrefabAsset: {fileID: 0}
  m_GameObject: {fileID: 0}
  m_Enabled: 1
  m_EditorHideFlags: 0
  m_Script: {fileID: 11500000, guid: 5f7201a12d95ffc409449d95f23cf332, type: 3}
  m_Name: 
  m_EditorClassIdentifier: 
